3507 5683
877 663 939 711 42
1548 658 1651 710 DE
1684 659 2133 711 BENJAMINI
2169 659 2441 711 PRIOLI

879 823 1016 871 non
1052 808 1205 870 erat
1234 822 1315 871 ea
1360 798 1690 871 Mazarini
1733 812 1931 868 mens
1960 807 2036 869 ut
2073 820 2226 870 cum
2247 796 2416 899 ,aliis
2463 795 2571 868 vel
2607 819 2766 867 cum
2811 795 3113 867 Condaeo

875 924 1247 1019 imperium
1297 922 1610 995 dividere
1657 922 1898 995 vellet.
1951 922 2150 1006 Quod
2205 921 2665 1018 probabilius,
2734 920 3115 1016 ingraves-

875 1059 1075 1123 cente
1127 1052 1277 1144 jam
1334 1048 1763 1121 parlamenti
1818 1048 2084 1120 invidia
2146 1048 2525 1144 populique
2590 1047 2914 1136 tumultu,
2979 1046 3113 1119 sibi

873 1176 1224 1268 refugium
1252 1175 1325 1245 in
1357 1174 1673 1251 adversis
1712 1196 1961 1268 parare
2004 1173 2408 1246 conabatur.
2451 1172 2686 1246 Priolo
2728 1174 2803 1244 in
2830 1174 2961 1245 hac
2992 1195 3112 1245 re·

874 1323 1027 1371 rum
1078 1300 1309 1393 figura
1348 1299 1747 1370 Mazarinus
1790 1322 1956 1370 usus
2004 1309 2109 1371 est
2166 1309 2241 1370 ut
2291 1298 2671 1372 Condaeum
2729 1298 3052 1370 alliceret
3089 1322 3104 1367 :

869 1448 999 1520 quo
1035 1425 1203 1496 satis
1230 1420 1743 1497 demonstratur
1772 1433 2026 1518 quanta
2076 1425 2146 1494 in
2178 1423 2569 1496 Condaeana
2598 1424 2799 1495 domo
2829 1421 3111 1495 Priolus

865 1550 1274 1624 auctoritate
1312 1546 1692 1620 frueretur.
1720 1547 2066 1620 Condaeus
2096 1557 2356 1639 autem,
2384 1560 2463 1623 ut
2502 1574 2591 1621 ex
2627 1549 2861 1621 verbis
2889 1547 3109 1620 Prioli

865 1684 1077 1770 patet,
1127 1698 1167 1746 a
1202 1673 1570 1745 Cardinale
1618 1675 1833 1769 petita
1865 1673 2205 1768 respuit¹.
2259 1674 2777 1768 Longavillaeus
2833 1695 3108 1769 quoque

867 1823 1021 1872 sese
1049 1800 1213 1872 huic
1241 1798 1664 1870 matrimonii
1693 1798 1841 1892 spei
1873 1798 2055 1871 ultro
2095 1799 2423 1889 admovit,
2457 1801 2608 1872 sive
2633 1807 2873 1870 auctor
2898 1796 3107 1869 fuerit

867 1928 999 2016 rei,
1045 1932 1122 1997 ut
1155 1924 1550 1997 Mazarinus
1607 1923 2031 1995 contendere
2059 1923 2337 1995 videtur
2368 1925 2438 1994 in
2469 1920 2886 2015 codicibus2,
2929 1924 3099 2011 sive,

866 2060 944 2124 ut
979 2049 1265 2122 Priolus
1290 2046 1452 2138 fert,
1487 2058 1629 2121 tota
1666 2048 1753 2119 de
1791 2072 1867 2120 re
1904 2049 2160 2121 certior
2205 2049 2458 2121 deinde
2503 2047 2727 2122 factus
2779 2047 2993 2120 fuerit
3036 2057 3104 2120 et

867 2201 955 2248 ex
996 2198 1078 2248 ea
1102 2173 1461 2246 commoda
1514 2174 1831 2269 quaedam
1883 2175 2245 2246 extrahere
2274 2176 2677 2247 tentaverit.
2743 2173 3105 2247 «Putabat

868 2303 1083 2393 enim,
1118 2300 1342 2396 inquit
1384 2298 1694 2388 Priolus‚
1729 2300 1849 2393 qui
1899 2300 2092 2372 nulla
2139 2324 2215 2371 re
2255 2301 2390 2372 nisi
2437 2301 2667 2395 quiete
2716 2300 3098 2394 indigebat,

865 2425 1002 2498 sihi
1029 2425 1434 2496 indecorum
1477 2423 1755 2497 turbido
1795 2434 2104 2520 tempore
2135 2425 2314 2497 nihil
2343 2427 2600 2498 lucrari
2632 2439 2700 2500 et
2738 2427 2826 2498 ad
2866 2428 3101 2520 ignem

867 2574 1235 2624 accensum
1275 2573 1414 2621 non
1443 2548 1793 2622 calescere
1824 2575 1839 2620 ε
1873 2575 1953 2623 ac
1984 2575 2138 2623 cum
2170 2552 2352 2624 serio
2383 2560 2785 2624 moneretur
2812 2562 2888 2625 ut
2921 2562 3103 2625 tem-

865 2685 1131 2771 pestate
1172 2674 1355 2747 mala
1395 2674 1615 2746 bonus
1672 2699 1828 2747 esse
1872 2678 2163 2750 auderet
2205 2701 2552 2772 nunquam
2593 2679 2817 2773 potuit
2861 2676 3101 2749 adduci

867 2810 942 2873 ut
998 2810 1289 2874 exueret
1345 2800 1536 2873 illam
1589 2811 1892 2874 mentem
1942 2803 2375 2877 nundinandi
2414 2801 2463 2876 ³.
2523 2829 2559 2874 »
2608 2802 3100 2900 Impellebatur

863 2935 1098 2999 autem
1126 2927 1647 3021 Longavillaeus
1683 2930 1986 3001 maxima
2006 2930 2292 3003 Condaei
2322 2931 2616 3020 invidia,
2660 2952 2861 3024 quem
2899 2929 3101 3000 insu-

863 3079 986 3150 per
1018 3054 1596 3148 pertimescebat:
1659 3057 1900 3129 scribit
1935 3058 2120 3130 enim
2163 3056 2560 3128 Mazarinus
2588 3058 2662 3127 in
2690 3055 3046 3128 codicibus
3076 3076 3090 3129 τ

865 3204 902 3249 «
936 3179 999 3249 Il
1036 3180 1262 3252 craint
1288 3182 1390 3251 M.
1425 3181 1491 3253 le
1530 3183 1811 3272 Prince,
1855 3193 1922 3255 et
1947 3182 2015 3253 la
2054 3183 2321 3254 crainte
2354 3183 2419 3254 le
2449 3204 2754 3275 rangera
2790 3181 3099 3274 toujours

859 3305 900 3375 a
947 3328 1027 3376 ce
1071 3327 1206 3400 que
1233 3305 1336 3375 M.
1395 3307 1459 3376 le
1508 3308 1765 3379 Prince
1813 3309 2103 3398 voudra,
2151 3309 2325 3379 mais
2364 3330 2451 3379 ne
2498 3308 2731 3380 l'aime
2770 3332 2893 3401 pas
2924 3315 2992 3378 et
3035 3307 3087 3377 il

858 3451 1121 3522 enrage
1168 3454 1304 3526 que
1337 3454 1412 3502 sa
1451 3432 1734 3526 qualite,
1779 3457 1855 3505 sa
1908 3433 2266 3527 grandeur
2296 3445 2365 3507 et
2418 3459 2493 3506 sa
2532 3432 2760 3527 gloire
2808 3430 3091 3504 l’etouf—

859 3554 1029 3626 sent.
1106 3556 1204 3627 La
1269 3555 1636 3651 Croysette
1704 3569 1774 3631 et
1831 3558 2074 3630 Priolo
2132 3559 2345 3632 m'ont
2405 3566 2648 3632 assure
2706 3570 2859 3631 tous
2917 3560 3094 3632 deux

856 3679 921 3750 13
956 3666 1180 3753 meme
1227 3683 1456 3772 chose,
1516 3684 1976 3758 c’est—a-dire
2009 3686 2176 3780 qu’il
2220 3709 2316 3756 ne
2345 3695 2510 3781 peut
2549 3686 2830 3757 souffrir
2883 3683 3091 3781 qu’on

853 3803 1002 3875 dise
1033 3805 1242 3900 qu’on
1280 3806 1423 3878 doit
1472 3806 1651 3880 faire
1692 3831 1807 3879 cas
1831 3812 1938 3882 de
1975 3809 2076 3882 lui
2133 3809 2172 3880 a
2210 3834 2414 3884 cause
2443 3810 2531 3883 de
2581 3814 2683 3883 M.
2740 3812 2808 3884 le
2838 3815 3089 3885 Prince

915 4066 934 4101 ¹
969 4065 1194 4129 PrioluS‚
1229 4086 1288 4133 11,
1323 4088 1375 4135 p.
1413 4073 1497 4121 66.
1528 4089 1553 4118 «t
1579 4071 1833 4122 Condaeus
1854 4088 2092 4137 spernere
2113 4074 2248 4123 visus
2277 4079 2355 4123 est
2385 4073 2488 4123 tale
2516 4073 2826 4123 connubium
2841 4075 2980 4139 quod
3002 4088 3091 4139 per

847 4160 929 4193 me
955 4147 1243 4199 Mazarinus
1269 4153 1492 4215 petebat.
1520 4171 1545 4198 η

909 4228 931 4263 2
962 4230 1095 4279 Rev.
1126 4230 1254 4279 hist.
1281 4237 1317 4279 t.
1353 4232 1446 4292 IV,
1470 4249 1519 4297 p.
1570 4233 1677 4282 123.
1702 4252 1727 4280 α
1765 4235 1946 4294 Quand
1977 4237 2050 4285 M.
2092 4236 2141 4284 le
2174 4237 2357 4286 Prince
2383 4237 2548 4285 revint
2575 4238 2645 4286 du
2675 4237 2868 4287 Gatelet
2916 4245 2966 4289 et
2993 4253 3090 4303 que

845 4308 917 4357 M.
930 4308 994 4357 de
1009 4309 1339 4373 Longueville
1353 4313 1560 4361 m‘avait
1575 4313 1670 4363 fait
1685 4314 1855 4378 parler
1878 4315 1945 4364 du
1966 4317 2195 4381 mariage
2214 4318 2277 4367 de
2302 4333 2420 4366 mon
2438 4332 2597 4366 neveu
2616 4333 2740 4367 avec
2755 4318 2867 4366 Μῑῑθ
2876 4318 3088 4374 d'Alais.

846 4387 877 4435 il
904 4403 1095 4451 envoya
1127 4404 1190 4438 en
1222 4392 1415 4453 grande
1443 4393 1733 4443 confidence
1756 4394 1867 4443 dire
1896 4399 1927 4444 3
1949 4397 2140 4447 Lionne
2166 4413 2257 4462 par
2295 4395 2467 4446 Priolo
2493 4397 2614 4462 qu'il
2639 4396 2800 4452 fallait
2832 4398 3090 4447 m’avertir

843 4465 904 4515 de
938 4467 1152 4531 prendre
1179 4469 1297 4517 bien
1331 4471 1490 4534 garde
1517 4474 1549 4520 a
1589 4487 1653 4520 ne
1686 4473 1825 4537 faire
1875 4476 1983 4523 rien
2012 4476 2255 4525 accorder
2295 4479 2323 4526 ὲ
2357 4479 2429 4528 Μ.
2473 4474 2519 4523 le
2546 4475 2730 4525 Prince
2758 4491 2878 4525 sans
2912 4492 3010 4541 que
3042 4475 3087 4524 le

843 4547 1071 4671 rigariage
1107 4547 1182 4597 fut
1213 4549 1333 4609 fait3
1371 4566 1457 4598 car
1492 4565 1619 4614 pour
1652 4552 1697 4600 le
1732 4552 1860 4601 faire
1889 4558 2036 4617 apres
2071 4555 2103 4603 il
2133 4556 2365 4606 m'aurait
2416 4555 2666 4606 demand&
2688 4556 2906 4620 quelque
2948 4564 3089 4607 autre

841 4638 868 4670 c
907 4640 1014 4676 ose.
1040 4647 1066 4671 »

914 4704 937 4739 3
972 4706 1192 4770 Priolns,
1231 4711 1297 4771 11,
1332 4725 1379 4772 p.
1416 4710 1496 4760 66.
