3507 5683
1233 711 1429 764 VITA
1459 711 1560 762 ET
1593 709 1969 761 SCRIPTIS
2635 709 2726 762 100

477 851 762 945 negarit.
786 873 979 939 vera,
1030 850 1102 921 in
1152 848 1458 922 secundo
1498 847 1678 920 libro
1713 847 1886 922 dixit
1922 872 1938 917 ε
1991 873 2028 918 ((
2074 849 2459 920 Damnatus
2496 845 2727 919 Colli-

481 977 636 1049 nius
652 975 836 1072 quod
853 976 1190 1071 imparem
1210 997 1672 1068 congressum
1697 973 2068 1056 affectarit,
2093 974 2396 1068 impulsu
2412 971 2718 1064 feminae,

480 1124 639 1198 quae
680 1100 952 1174 tantillo
1001 1080 1341 1193 sanguine
1387 1096 1543 1170 fuso
1578 1098 1772 1170 haud
1837 1107 2188 1188 contenta,
2230 1098 2531 1171 Galliam
2571 1108 2728 1193 post

478 1227 758 1298 modum
794 1224 983 1297 civili
1012 1247 1284 1312 cruore,
1334 1225 1521 1320 quod
1555 1223 1807 1318 potuit,
1849 1223 2206 1316 respersit.
2256 1247 2293 1292 ›>
2337 1225 2535 1314 Item,
2586 1222 2725 1295 alio

477 1350 551 1423 in
582 1350 776 1422 loco:
814 1375 852 1420 «
887 1341 1208 1422 Turbida
1237 1351 1547 1443 gratuito
1574 1371 1658 1421 ex
1698 1357 1889 1421 motu
1929 1348 2108 1421 nihil
2143 1370 2435 1443 sperare
2465 1356 2724 1443 praeter

481 1485 745 1580 motum
767 1472 819 1546 ¹.
860 1500 895 1544 »

574 1602 750 1672 Haec
800 1612 960 1672 sunt
1022 1622 1178 1696 quae
1228 1602 1303 1672 in
1345 1598 1936 1694 Longavillaeum,
1997 1623 2422 1696 uxoremque
2479 1601 2628 1695 ejus
2658 1609 2725 1672 et

478 1726 867 1821 principem
928 1725 1308 1800 Condaeum
1371 1727 1624 1820 magiS,
1689 1734 1764 1797 ut
1804 1726 2080 1821 opinor,
2142 1727 2294 1797 veri
2334 1727 2727 1799 reverentia

479 1875 684 1947 quam
742 1852 816 1922 in
888 1852 1321 1924 Mazarinum
1396 1850 1935 1946 Colbertumque
1996 1850 2327 1946 obsequio
2380 1851 2717 1947 jactabat.

478 1977 642 2052 Alia
670 1988 903 2050 autem
938 1986 1098 2049 sunt
1123 1977 1201 2049 in
1230 1978 1384 2072 ejus
1424 1977 1718 2049 historia
1735 1976 1812 2047 in
1840 1976 2090 2072 quibus
2117 1975 2349 2071 potius
2379 1976 2725 2047 hominem

476 2103 918 2192 iracundum,
972 2101 1422 2192 malevolum,
1463 2101 1696 2174 nescio
1728 2100 1981 2197 quibus
2020 2101 2197 2174 odiis
2234 2102 2427 2173 intus
2465 2110 2724 2172 recon-

477 2227 637 2300 ditis
710 2226 1098 2300 ferventem
1161 2249 1366 2323 quam
1393 2228 1580 2323 aequi
1650 2226 2253 2299 servantissimum
2311 2226 2721 2321 scriptorem

477 2352 1013 2448 deprehendas:
1074 2353 1261 2424 inter
1319 2375 1476 2448 quae
1530 2353 1606 2423 in
1666 2352 1912 2446 primis
1961 2374 2120 2449 quae
2175 2352 2251 2422 in
2301 2350 2722 2424 clericorum

476 2486 761 2572 gentem
802 2501 939 2549 non
978 2499 1201 2573 pauca
1229 2476 1631 2569 ingesserit,
1665 2499 1943 2569 ponam.
1988 2478 2068 2549 In
2118 2500 2252 2572 quo
2293 2499 2453 2548 eum
2490 2500 2723 2572 quon—

476 2603 638 2675 dam
713 2603 1257 2696 huguenoticum
1327 2602 1540 2674 fuisse
1607 2603 2012 2674 meminisse
2086 2610 2354 2697 oportet
2393 2626 2412 2694 3
2487 2603 2722 2696 itaque

475 2728 732 2801 veteris
775 2725 1067 2801 forsitan
1109 2728 1182 2799 in
1214 2750 1293 2799 eo
1333 2728 1668 2800 suberant
1715 2729 2014 2799 flammae
2063 2728 2388 2822 vestigia,
2419 2728 2584 2800 licet
2613 2727 2724 2797 hie

475 2862 545 2926 et
576 2854 745 2944 illic,
772 2854 1168 2948 praesertim
1197 2856 1268 2925 in
1297 2855 1521 2949 primo
1553 2852 1768 2943 libr0,
1810 2855 1882 2926 in
1911 2864 2287 2927 novatores
2305 2854 2718 2945 intonuerit,

476 3001 700 3074 neque
729 2979 846 3051 diu
884 2979 1293 3050 duraturam
1331 2979 1514 3050 hanc
1559 2978 1978 3072 religionem
2018 2976 2193 3051 false
2238 2979 2636 3071 praedixerit
2665 2975 2716 3048 ².

474 3104 644 3187 Quae
664 3127 877 3199 quum
898 3105 995 3176 ita
1025 3103 1189 3194 sint,
1237 3112 1505 3175 constat
1541 3127 1625 3175 ex
1680 3103 1963 3176 Rhodio
1998 3104 2147 3198 ipso
2200 3127 2359 3176 eum
2396 3104 2720 3197 inexpia-

471 3227 595 3301 bili
616 3227 772 3299 odio
799 3228 872 3299 in
900 3227 1168 3300 olerum
1200 3238 1266 3299 et
1284 3236 1543 3324 praeter
1568 3229 1799 3300 omnia
1819 3228 1894 3299 in
1927 3228 2293 3324 theologos
2320 3227 2716 3323 flagrasse3.

536 3548 557 3585 ¹
577 3550 800 3614 Priolus,
826 3550 922 3616 111,
939 3567 992 3616 p.
1019 3551 1104 3602 27.
1128 3553 1290 3602 Multa
1320 3569 1443 3604 sane
1468 3571 1528 3604 ex
1550 3556 1838 3606 Condaeana
1857 3555 2009 3607 domo
2038 3571 2195 3621 quam
2223 3572 2357 3623 saepe
2382 3558 2560 3609 adibat
2575 3558 2723 3609 Prio-

470 3628 551 3678 lus
577 3631 828 3681 audierat.
855 3631 1088 3696 Exempli
1123 3634 1308 3697 gratia,
1338 3633 1560 3684 fideliter
1589 3636 1653 3685 ab
1689 3650 1749 3684 eo
1801 3637 1963 3686 relata
1991 3642 2110 3687 sunt
2136 3652 2253 3700 quae
2284 3638 2585 3701 Enguianus
2614 3639 2716 3688 dux

470 3716 626 3760 noctu
652 3717 770 3762 ante
794 3710 1034 3776 praelium
1052 3713 1364 3764 Rocroicum
1380 3714 1578 3764 fecerit.
1599 3715 1810 3767 Constat
1826 3716 2153 3779 Enguianum
2173 3732 2237 3766 ne
2253 3731 2356 3767 una
2374 3717 2581 3783 quidem
2594 3718 2721 3769 hora

469 3790 792 3842 dormivisse.
825 3791 894 3852 11,
920 3806 971 3855 p.
1003 3792 1053 3842 5.
1084 3808 1109 3838 α
1126 3793 1238 3856 Ipse
1259 3793 1335 3856 (id
1358 3800 1435 3843 est
1467 3795 1987 3860 Enguianus)‚inquit
2004 3796 2230 3858 Priolus,
2257 3812 2351 3847 nec
2373 3798 2598 3863 quietem
2611 3800 2716 3863 pati

470 3884 565 3920 nee
595 3875 864 3933 gravatum
898 3886 1085 3936 corpus
1114 3886 1292 3922 somno
1318 3871 1505 3924 levare.
1545 3895 1571 3923 »
2313 3916 2318 3919 -

532 3951 555 3986 ²
579 3951 800 4013 Priolus‚
819 3953 861 4013 1,
883 3968 934 4017 p.
951 3952 1032 4005 28.
1050 3953 1126 4002 De
1154 3953 1371 4018 Rupella
1390 3971 1508 4020 quae
1532 3956 1586 4006 in
1610 3957 1750 4021 regis
1771 3957 2077 4023 obsequium
2101 3960 2326 4017 redierat
2353 3961 2482 4011 dixit
2509 3966 2711 4012 noster:

473 4048 496 4076 α
533 4032 644 4080 Hoc
683 4031 1101 4094 huguenotieum‚
1135 4032 1289 4082 rebus
1317 4035 1493 4085 arduis
1523 4052 1626 4086 non
1648 4035 1889 4086 deserere
1911 4038 2088 4105 fidem,
2120 4040 2214 4098 VI,
2262 4056 2312 4104 p.
2352 4040 2434 4091 67.

530 4109 554 4146 ³
587 4111 839 4172 Rhodius,
872 4127 922 4176 p.
947 4112 995 4161 5.
1032 4128 1058 4157 α
1087 4112 1312 4163 Justitiae
1348 4122 1397 4165 et
1426 4116 1561 4179 aequi
1619 4118 2052 4176 servantissimus,
2079 4118 2343 4184 religionis
2370 4135 2551 4185 parum
2602 4136 2717 4186 quae

468 4189 674 4254 quidem
698 4191 749 4239 in
768 4191 991 4240 externis
1008 4191 1207 4241 actibus
1234 4200 1485 4244 versatur.
1516 4214 1544 4242 »
1573 4197 1632 4245 In
1658 4196 1878 4260 epistola
1901 4197 1965 4246 ad
1993 4199 2237 4259 Venet08‚
2269 4214 2356 4249 eos
2381 4199 2588 4250 Priolus
2610 4199 2717 4250 lau-

468 4269 556 4321 dat
580 4270 719 4337 quod
744 4272 1000 4321 aestimant
1031 4289 1055 4317 «
1078 4287 1262 4336 pravas
1291 4274 1559 4338 opiniones
1583 4277 1765 4341 spatiis
1789 4282 2078 4342 temporum
2102 4278 2367 4340 debellari,
2401 4295 2502 4330 non
2548 4281 2598 4329 vi
2630 4286 2714 4331 at-

467 4365 565 4415 que
592 4352 806 4415 imperio
830 4366 1009 4400 eorum
1041 4351 1126 4414 qui
1149 4352 1435 4403 ministerio
1457 4369 1605 4405 sacro
1640 4355 1814 4406 allecti
1847 4357 2022 4407 omnia
2048 4365 2289 4423 asperant
2319 4364 2371 4409 et
2400 4375 2459 4409 ex
2490 4375 2551 4409 eo
2585 4359 2715 4410 nihil

470 4437 654 4499 praeter
677 4446 862 4480 nomen
880 4436 931 4479 et
962 4430 1156 4480 reditus
1186 4433 1478 4483 retinent».
1525 4435 1872 4485 Nihilominus
1902 4438 2135 4501 prodigia
2179 4445 2321 4488 extra
2367 4439 2600 4489 ordinem
2628 4457 2716 4490 na-

466 4521 594 4564 turae
624 4519 675 4563 et
720 4512 974 4577 praesagia
1028 4528 1178 4577 posse
1208 4514 1319 4564 fieri
1349 4516 1594 4564 credebat
1618 4532 1629 4564 :
1681 4516 1857 4566 confer
1912 4532 2025 4581 quae
2049 4517 2112 4566 de
2147 4520 2518 4583 Nordlingenia
2544 4537 2715 4585 pugna

467 4594 591 4644 dicit
620 4595 687 4655 11,
710 4609 760 4657 p.
780 4593 858 4642 26.
894 4610 918 4640 α
944 4592 1046 4642 Sed
1075 4592 1199 4656 quid
1217 4593 1385 4643 dicam
1419 4596 1482 4645 de
1514 4611 1749 4661 praesaga
1780 4597 2075 4646 mortalium
2102 4603 2290 4649 mente.
2338 4600 2471 4649 Nam
2502 4602 2716 4652 Lutetiae

467 4678 583 4722 ante
616 4686 841 4737 pugnam
869 4672 1127 4736 publicata
1153 4674 1370 4725 victoria
1395 4692 1488 4727 nec
1517 4676 1833 4727 imminentia
1862 4676 2128 4732 destinatae
2161 4679 2312 4729 sortis
2335 4680 2545 4731 latuere.
2581 4702 2605 4729 n
2632 4683 2711 4734 Cf.

468 4767 669 4819 quoque
697 4752 789 4811 VI,
822 4768 872 4819 p.
904 4753 983 4812 64,
1010 4754 1099 4813 IX,
1144 4769 1193 4818 p.
1225 4754 1334 4807 124.
