3507 5683
825 695 886 744 58
1503 695 1601 745 DE
1637 695 2089 748 BENJAMINI
2125 693 2402 745 PR10L1

824 810 1070 905 domus
1100 833 1361 927 passim
1381 832 1952 929 dispergebatur,
1980 857 2231 930 parum
2261 834 2507 930 liquet.
2543 831 3063 926 Suspicandum

821 957 1024 1028 illum
1046 958 1228 1053 quod
1252 959 1591 1054 temporis
1610 961 1784 1031 satis
1817 982 1970 1031 esse
2001 957 2210 1031 fuerit
2240 958 2494 1047 visum,
2528 956 2713 1052 apud
2739 957 3065 1029 Turones

822 1083 1163 1163 mansisse
1206 1092 1273 1154 et
1315 1093 1555 1177 postea
1622 1084 1972 1155 Lutetiam
2034 1085 2366 1155 citissime
2414 1083 2832 1178 repetiisse:
2880 1082 3063 1178 quod

818 1220 1087 1282 constat
1153 1234 1240 1282 ex
1310 1210 1650 1282 Mazarini
1705 1211 1946 1307 quinto
2006 1219 2076 1282 et
2132 1210 2401 1283 decimo
2464 1208 2728 1300 codice,
2803 1209 2874 1279 in
2929 1231 3062 1303 quo

816 1336 1155 1429 scriptum
1216 1345 1346 1435 est,
1413 1335 1695 1408 circiter
1753 1335 2113 1406 finientem
2176 1357 2439 1406 annum
2509 1335 2721 1407 1650.
2763 1360 2800 1404 «
2849 1333 3062 1406 Faire

816 1460 1019 1531 'venir
1074 1463 1176 1532 M.
1228 1462 1315 1533 de
1370 1462 1574 1533 Roan
1642 1470 1711 1532 et
1771 1460 2082 1547 Priolau,
2146 1456 2246 1530 M.
2311 1460 2398 1530 de
2454 1459 2913 1552 Longueville
2973 1482 3062 1530 ne

815 1584 1071 1657 devant
1126 1608 1251 1680 pas
1288 1589 1438 1657 etre
1487 1582 1848 1680 neglige¹.
1895 1609 1932 1655 ))
1969 1568 2473 1658 Confidendum
2518 1607 2792 1680 quoque
2854 1582 3059 1655 illum

811 1735 970 1782 cum
1009 1710 1496 1804 Longavillaeo
1532 1711 1764 1782 nescio
1811 1732 1969 1806 quae
2006 1710 2424 1782 commercia
2451 1710 2602 1782 sive
2631 1733 2758 1802 per
2786 1709 3057 1781 litteras

812 1838 959 1908 sive
986 1837 1122 1907 alio
1155 1836 1453 1932 quodam
1479 1836 1684 1907 modo
1713 1836 2104 1907 instituisse
2147 1861 2162 1906 ε
2192 1835 2408 1907 refert
2433 1837 2620 1906 enim
2641 1836 2749 1906 in»
2764 1834 3056 1907 historia

808 1962 896 2033 de
921 1961 1318 2057 captivitate
1348 1960 1743 2057 principum
1764 1971 1957 2034 certa
1979 1961 2301 2058 quaedam
2322 1971 2391 2033 et
2412 1983 2594 2032 nova
2622 1983 2779 2057 quae
2804 1960 3057 2032 ceteris

809 2089 881 2158 in
949 2088 1466 2188 commentariis
1533 2086 1802 2160 frustra
1871 2088 2218 2185 requiras.
2319 2087 2563 2182 Neque
2630 2109 3058 2181 magnopere

809 2195 1023 2286 mirer-
1063 2214 1123 2284 si
1159 2214 1438 2286 Priolus
1468 2214 1616 2309 ipse
1654 2212 1871 2287 fuerit
1909 2238 2037 2309 pro
2071 2225 2273 2310 parte
2310 2214 2438 2285 sua
2468 2223 2707 2285 auctor
2732 2213 3055 2285 dolorum

808 2341 1057 2436 quibus
1094 2341 1448 2435 principes
1474 2351 1741 2411 trucem
1774 2341 1968 2411 Barii
2024 2340 2462 2432 vigilantiam
2506 2339 2843 2410 deludere
2877 2363 3055 2411 con-

813 2475 1194 2539 sueverant
1225 2490 1240 2536 ε
1278 2475 1589 2537 ceterum
1614 2465 2061 2558 jocosissima
2081 2488 2237 2560 quae
2275 2464 2557 2551 Priolus
2592 2474 2710 2536 aut
2733 2464 3051 2560 quisquis

807 2591 986 2663 alius
1043 2592 1130 2662 ad
1193 2590 1264 2661 id
1310 2588 1540 2662 fuerat
1575 2598 2030 2662 commentus
2077 2588 2325 2661 Refert
2364 2591 2550 2662 enim
2604 2590 2701 2662 ita
2752 2599 3042 2662 noster:

808 2743 846 2788 «
878 2717 986 2789 Ad
1014 2716 1318 2810 captivos
1341 2739 1525 2787 nunc
1545 2716 2014 2788 redeundum:
2049 2716 2274 2786 Primi
2306 2724 2458 2787 octo
2494 2717 2672 2806 dies,
2712 2726 3048 2813 tanquam

807 2843 1096 2938 sepultis
1150 2852 1218 2914 et
1257 2853 1442 2915 terra
1500 2841 1841 2938 obruptis,
1876 2841 2167 2914 fluxere.
2222 2841 2424 2915 Illinc
2458 2843 2765 2937 singulis
2820 2844 3044 2934 horiS,

799 2969 1110 3041 omnium
1160 2992 1397 3041 rerum
1445 2969 1657 3062 gnari
1703 2967 1870 3040 facti
1913 2977 2102 3058 sunt,
2140 2969 2292 3041 sive
2324 2992 2453 3063 per
2483 2969 2803 3042 dolosum
2844 2981 3045 3043 atra-

804 3104 1113 3167 mentum
1142 3095 1345 3187 cujus
1373 3093 1715 3166 enodator
1749 3094 1938 3188 ignis
1979 3102 2223 3186 aperta
2255 3094 2658 3168 recludebat
2694 3122 2709 3167 t
2742 3096 2893 3168 sive
2922 3120 3046 3191 per

804 3221 1162 3292 chartulas
1220 3222 1517 3294 insertas
1557 3220 1872 3308 scutatiS,
1920 3220 2009 3290 ad
2034 3213 2112 3291 'id
2153 3221 2329 3292 mira
2365 3230 2517 3292 arte
2548 3224 2811 3295 cavatis
2839 3226 3041 3295 inno-

798 3356 999 3419 cente
1038 3347 1317 3419 metallo
1353 3372 1370 3417 ι
1420 3346 1569 3419 sive
1613 3370 1738 3441 per
1786 3345 2214 3417 sacerdotem
2244 3346 2362 3441 qui
2389 3348 2573 3419 iuter
2610 3348 3039 3422 missifican-

800 3473 990 3560 dum,
1050 3473 1202 3544 loco
1273 3473 1451 3544 sacri
1514 3495 1779 3543 novum
1850 3469 2314 3566 Evangelium
2404 3474 2797 3574 nuntiabat,
2894 3475 3041 3547 sive

799 3598 1051 3669 Barius
1122 3595 1370 3668 affixos
1424 3608 1815 3672 retrorsum
1867 3596 2225 3671 codicillos
2272 3598 2359 3670 ad
2412 3600 2720 3694 captivos
2778 3601 3038 3672 inscius

799 3721 1134 3811 deferret,
1170 3724 1321 3816 ipse
1352 3725 1457 3794 sui
1496 3722 1812 3818 proditor
1859 3748 1874 3793 ε
1917 3724 2047 3796 etsi
2096 3724 2399 3817 pervigil
2438 3748 2718 3796 morose
2756 3724 3040 3820 singula

798 3849 1222 3941 anquireret,
1261 3850 1681 3942 corruptelae
1709 3850 1935 3921 omnis
1955 3851 2314 3942 immuniS,
2351 3851 2746 3922 carcerario
2763 3861 3035 3924 tantum

797 3982 1063 4068 quaestu
1096 3971 1531 4047 refocillatus
1556 3983 1605 4047 2.
1649 4001 1685 4045 »

896 4100 1280 4179 Reducitur
1325 4125 1538 4196 porro
1591 4103 1875 4174 Priolus
1931 4104 2003 4174 in
2062 4127 2371 4193 scenam,
2422 4127 2500 4175 eo
2551 4114 2857 4201 tempore
2907 4133 3038 4203 quo

793 4225 1221 4314 MazarinuS,
1264 4225 1427 4298 fatis
1489 4221 1910 4320 urgentibus
1959 4238 2268 4318 coactuS,
2318 4230 2701 4302 Havraeam
2773 4256 3031 4326 arcem,

791 4351 1183 4444 principum
1205 4351 1737 4424 liberandorum
1760 4377 1996 4446 causa,
2012 4356 2213 4428 adire
2232 4355 2547 4450 parabat.
2568 4356 2701 4441 Qui
2727 4359 3032 4452 quidem,

859 4668 876 4701 ¹
917 4665 1145 4716 Carnets
1170 4669 1235 4716 de
1265 4668 1560 4728 Μαεανίη,
1599 4680 1659 4717 n⁰
1694 4670 1772 4730 15,
1808 4686 1859 4735 p.
1888 4670 1970 4721 21.

854 4745 877 4779 ²
907 4744 1128 4805 Priolu8‚
1159 4761 1215 4810 v,
1242 4762 1291 4810 p.
1325 4745 1409 4803 27,
1433 4747 1513 4797 28.
