<?xml version="1.0" encoding="UTF-8"?>
<!DOCTYPE html PUBLIC "-//W3C//DTD XHTML 1.0 Transitional//EN"
    "http://www.w3.org/TR/xhtml1/DTD/xhtml1-transitional.dtd">
<html xmlns="http://www.w3.org/1999/xhtml" xml:lang="en" lang="en">
 <head>
  <title>
</title>
<meta http-equiv="Content-Type" content="text/html;charset=utf-8" />
  <meta name='ocr-system' content='tesseract 3.04.00' />
  <meta name='ocr-capabilities' content='ocr_page ocr_carea ocr_par ocr_line ocrx_word'/>
</head>
<body>
  <div class='ocr_page' id='page_1' title='image "./debenjaminiprio00normgoog_0058.png"; bbox 0 0 3507 5683; ppageno 0'>
   <div class='ocr_carea' id='block_1_1' title="bbox 808 646 2378 699">
    <p class='ocr_par' dir='ltr' id='par_1_1' title="bbox 808 646 2378 699">
     <span class='ocr_line' id='line_1_1' title="bbox 808 646 2378 699; baseline -0.001 0"><span class='ocrx_word' id='word_1_1' title='bbox 808 648 873 699; x_wconf 79' lang='lat'>52</span> <span class='ocrx_word' id='word_1_2' title='bbox 1489 647 1590 698; x_wconf 75' lang='lat' dir='ltr'>DE</span> <span class='ocrx_word' id='word_1_3' title='bbox 1624 646 2070 699; x_wconf 74' lang='lat' dir='ltr'>BENJAuml</span> <span class='ocrx_word' id='word_1_4' title='bbox 2103 648 2378 698; x_wconf 81' lang='lat' dir='ltr'>PRIOLI</span> 
     </span>
    </p>
   </div>
   <div class='ocr_carea' id='block_1_2' title="bbox 753 784 3105 4392">
    <p class='ocr_par' dir='ltr' id='par_1_2' title="bbox 753 784 3105 4392">
     <span class='ocr_line' id='line_1_2' title="bbox 819 784 3047 880; baseline -0.001 -22"><span class='ocrx_word' id='word_1_5' title='bbox 819 808 896 858; x_wconf 84' lang='lat' dir='ltr'>se·</span> <span class='ocrx_word' id='word_1_6' title='bbox 961 786 1240 880; x_wconf 83' lang='lat' dir='ltr'>negotio</span> <span class='ocrx_word' id='word_1_7' title='bbox 1295 806 1337 856; x_wconf 92' lang='lat' dir='ltr'>a</span> <span class='ocrx_word' id='word_1_8' title='bbox 1387 785 1582 880; x_wconf 84' lang='lat' dir='ltr'>cujus</span> <span class='ocrx_word' id='word_1_9' title='bbox 1641 787 1882 858; x_wconf 86' lang='lat' dir='ltr'>notitia</span> <span class='ocrx_word' id='word_1_10' title='bbox 1934 784 2508 860; x_wconf 87' lang='lat' dir='ltr'>omnino·fuerat</span> <span class='ocrx_word' id='word_1_11' title='bbox 2560 785 2906 859; x_wconf 79' lang='lat' dir='ltr'>exclusuS.</span> <span class='ocrx_word' id='word_1_12' title='bbox 2951 784 3047 857; x_wconf 83' lang='lat' dir='ltr'>Et</span> 
     </span>
     <span class='ocr_line' id='line_1_3' title="bbox 817 909 3046 1007; baseline -0.002 -23"><span class='ocrx_word' id='word_1_13' title='bbox 817 934 977 985; x_wconf 82' lang='lat' dir='ltr'>cum</span> <span class='ocrx_word' id='word_1_14' title='bbox 1030 909 1443 982; x_wconf 87' lang='lat' dir='ltr'>Richeliano</span> <span class='ocrx_word' id='word_1_15' title='bbox 1494 933 1703 982; x_wconf 90' lang='lat' dir='ltr'>unam</span> <span class='ocrx_word' id='word_1_16' title='bbox 1764 935 1856 983; x_wconf 83' lang='lat' dir='ltr'>ex</span> <span class='ocrx_word' id='word_1_17' title='bbox 1910 912 2231 1007; x_wconf 84' lang='lat' dir='ltr'>neptibus</span> <span class='ocrx_word' id='word_1_18' title='bbox 2283 912 2428 983; x_wconf 88' lang='lat' dir='ltr'>suis</span> <span class='ocrx_word' id='word_1_19' title='bbox 2482 910 2919 1000; x_wconf 72' lang='lat' dir='ltr'>destinasset,</span> <span class='ocrx_word' id='word_1_20' title='bbox 2975 910 3046 980; x_wconf 93' lang='lat' dir='ltr'>in</span> 
     </span>
     <span class='ocr_line' id='line_1_4' title="bbox 816 1034 3047 1130; baseline 0 -24"><span class='ocrx_word' id='word_1_21' title='bbox 816 1045 1101 1130; x_wconf 84' lang='lat' dir='ltr'>gratam</span> <span class='ocrx_word' id='word_1_22' title='bbox 1138 1034 1462 1107; x_wconf 86' lang='lat' dir='ltr'>avunculi</span> <span class='ocrx_word' id='word_1_23' title='bbox 1516 1037 1948 1125; x_wconf 82' lang='lat' dir='ltr'>memoriam,</span> <span class='ocrx_word' id='word_1_24' title='bbox 2005 1036 2134 1107; x_wconf 86' lang='lat' dir='ltr'>sibi</span> <span class='ocrx_word' id='word_1_25' title='bbox 2191 1036 2413 1108; x_wconf 87' lang='lat' dir='ltr'>videri</span> <span class='ocrx_word' id='word_1_26' title='bbox 2472 1034 2846 1108; x_wconf 84' lang='lat' dir='ltr'><strong>subridens</strong></span> <span class='ocrx_word' id='word_1_27' title='bbox 2873 1035 3047 1106; x_wconf 83' lang='lat' dir='ltr'>dixit</span> 
     </span>
     <span class='ocr_line' id='line_1_5' title="bbox 817 1159 3047 1256; baseline 0 -24"><span class='ocrx_word' id='word_1_28' title='bbox 817 1169 1102 1256; x_wconf 84' lang='lat' dir='ltr'>neptem</span> <span class='ocrx_word' id='word_1_29' title='bbox 1122 1183 1322 1232; x_wconf 87' lang='lat' dir='ltr'>suam</span> <span class='ocrx_word' id='word_1_30' title='bbox 1351 1182 1491 1232; x_wconf 88' lang='lat' dir='ltr'>non</span> <span class='ocrx_word' id='word_1_31' title='bbox 1520 1159 1772 1232; x_wconf 80' lang='lat' dir='ltr'>cedere</span> <span class='ocrx_word' id='word_1_32' title='bbox 1796 1160 2189 1233; x_wconf 85' lang='lat' dir='ltr'>Catharinae</span> <span class='ocrx_word' id='word_1_33' title='bbox 2218 1163 2642 1234; x_wconf 84' lang='lat' dir='ltr'>Poussartae.</span> <span class='ocrx_word' id='word_1_34' title='bbox 2665 1159 2841 1232; x_wconf 84' lang='lat' dir='ltr'>Mihi</span> <span class='ocrx_word' id='word_1_35' title='bbox 2857 1170 3047 1233; x_wconf 85' lang='lat' dir='ltr'>certe</span> 
     </span>
     <span class='ocr_line' id='line_1_6' title="bbox 816 1284 3040 1383; baseline 0 -26"><span class='ocrx_word' id='word_1_36' title='bbox 816 1309 959 1358; x_wconf 90' lang='lat' dir='ltr'>non</span> <span class='ocrx_word' id='word_1_37' title='bbox 992 1285 1300 1358; x_wconf 88' lang='lat' dir='ltr'>constitit</span> <span class='ocrx_word' id='word_1_38' title='bbox 1335 1284 1687 1358; x_wconf 90' lang='lat' dir='ltr'>hominem</span> <span class='ocrx_word' id='word_1_39' title='bbox 1718 1297 2140 1380; x_wconf 83' lang='lat' dir='ltr'>permotum,</span> <span class='ocrx_word' id='word_1_40' title='bbox 2164 1310 2378 1383; x_wconf 87' lang='lat' dir='ltr'>usque</span> <span class='ocrx_word' id='word_1_41' title='bbox 2408 1285 2582 1361; x_wconf 81' lang='lat' dir='ltr'>ad&#39;eo</span> <span class='ocrx_word' id='word_1_42' title='bbox 2624 1286 2861 1358; x_wconf 87' lang='lat' dir='ltr'>vultus</span> <span class='ocrx_word' id='word_1_43' title='bbox 2889 1310 3040 1358; x_wconf 89' lang='lat' dir='ltr'>ser·</span> 
     </span>
     <span class='ocr_line' id='line_1_7' title="bbox 816 1409 3046 1507; baseline -0 -24"><span class='ocrx_word' id='word_1_44' title='bbox 816 1411 1173 1507; x_wconf 88' lang='lat' dir='ltr'>monisque</span> <span class='ocrx_word' id='word_1_45' title='bbox 1211 1420 1455 1506; x_wconf 88' lang='lat' dir='ltr'>potens</span> <span class='ocrx_word' id='word_1_46' title='bbox 1505 1421 1646 1483; x_wconf 86' lang='lat' dir='ltr'>tota</span> <span class='ocrx_word' id='word_1_47' title='bbox 1686 1411 1828 1484; x_wconf 87' lang='lat' dir='ltr'>vita</span> <span class='ocrx_word' id='word_1_48' title='bbox 1866 1409 2020 1484; x_wconf 88' lang='lat' dir='ltr'>fuit.</span> <span class='ocrx_word' id='word_1_49' title='bbox 2049 1410 2242 1484; x_wconf 83' lang='lat' dir='ltr'>Intu&#39;s</span> <span class='ocrx_word' id='word_1_50' title='bbox 2273 1422 2534 1503; x_wconf 89' lang='lat' dir='ltr'>tamen,</span> <span class='ocrx_word' id='word_1_51' title='bbox 2570 1412 2799 1485; x_wconf 89' lang='lat' dir='ltr'>animo</span> <span class='ocrx_word' id='word_1_52' title='bbox 2825 1410 3046 1485; x_wconf 82' lang='lat' dir='ltr'>exul-</span> 
     </span>
     <span class='ocr_line' id='line_1_8' title="bbox 817 1536 3045 1634; baseline -0.001 -23"><span class='ocrx_word' id='word_1_53' title='bbox 817 1547 1091 1620; x_wconf 87' lang='lat' dir='ltr'>cerato,</span> <span class='ocrx_word' id='word_1_54' title='bbox 1175 1536 1359 1634; x_wconf 91' lang='lat' dir='ltr'>quod</span> <span class='ocrx_word' id='word_1_55' title='bbox 1430 1537 1988 1611; x_wconf 86' lang='lat' dir='ltr'>Condaeanorum</span> <span class='ocrx_word' id='word_1_56' title='bbox 2072 1538 2506 1610; x_wconf 88' lang='lat' dir='ltr'>moliminum</span> <span class='ocrx_word' id='word_1_57' title='bbox 2577 1537 2808 1610; x_wconf 82' lang='lat' dir='ltr'>nullus</span> <span class='ocrx_word' id='word_1_58' title='bbox 2888 1537 3045 1609; x_wconf 88' lang='lat' dir='ltr'>finis</span> 
     </span>
     <span class='ocr_line' id='line_1_9' title="bbox 819 1659 3042 1758; baseline -0.001 -23"><span class='ocrx_word' id='word_1_59' title='bbox 819 1660 1073 1735; x_wconf 87' lang='lat' dir='ltr'>esset¹.</span> <span class='ocrx_word' id='word_1_60' title='bbox 1126 1686 1163 1732; x_wconf 85' lang='lat'>»</span> <span class='ocrx_word' id='word_1_61' title='bbox 1226 1664 1639 1758; x_wconf 80' lang='lat' dir='ltr'>Quanquam</span> <span class='ocrx_word' id='word_1_62' title='bbox 1683 1662 2073 1753; x_wconf 81' lang='lat' dir='ltr'>Richelius,</span> <span class='ocrx_word' id='word_1_63' title='bbox 2126 1663 2429 1735; x_wconf 87' lang='lat' dir='ltr'>Havraea</span> <span class='ocrx_word' id='word_1_64' title='bbox 2484 1686 2644 1735; x_wconf 91' lang='lat' dir='ltr'>arce</span> <span class='ocrx_word' id='word_1_65' title='bbox 2681 1659 3042 1734; x_wconf 86' lang='lat' dir='ltr'>confestim</span> 
     </span>
     <span class='ocr_line' id='line_1_10' title="bbox 813 1787 3042 1884; baseline -0.001 -23"><span class='ocrx_word' id='word_1_66' title='bbox 813 1800 966 1884; x_wconf 88' lang='lat' dir='ltr'>post</span> <span class='ocrx_word' id='word_1_67' title='bbox 1025 1788 1303 1884; x_wconf 81' lang='lat' dir='ltr'>nuptias</span> <span class='ocrx_word' id='word_1_68' title='bbox 1352 1798 1705 1884; x_wconf 86' lang='lat' dir='ltr'>occupata,</span> <span class='ocrx_word' id='word_1_69' title='bbox 1750 1811 1904 1860; x_wconf 89' lang='lat' dir='ltr'>sese</span> <span class='ocrx_word' id='word_1_70' title='bbox 1958 1788 2030 1858; x_wconf 93' lang='lat' dir='ltr'>in</span> <span class='ocrx_word' id='word_1_71' title='bbox 2059 1787 2197 1860; x_wconf 88' lang='lat' dir='ltr'>fide</span> <span class='ocrx_word' id='word_1_72' title='bbox 2251 1788 2517 1883; x_wconf 85' lang='lat' dir='ltr'>reginae</span> <span class='ocrx_word' id='word_1_73' title='bbox 2565 1797 2796 1860; x_wconf 90' lang='lat' dir='ltr'>tamen</span> <span class='ocrx_word' id='word_1_74' title='bbox 2836 1811 3042 1859; x_wconf 89' lang='lat' dir='ltr'>man-</span> 
     </span>
     <span class='ocr_line' id='line_1_11' title="bbox 753 1912 3043 2008; baseline -0.001 -22"><span class='ocrx_word' id='word_1_75' title='bbox 753 1979 759 1986; x_wconf 90' lang='lat'>.</span> <span class='ocrx_word' id='word_1_76' title='bbox 813 1937 1052 1986; x_wconf 89' lang='lat' dir='ltr'>surum</span> <span class='ocrx_word' id='word_1_77' title='bbox 1119 1914 1371 1986; x_wconf 87' lang='lat' dir='ltr'>litteris</span> <span class='ocrx_word' id='word_1_78' title='bbox 1429 1914 1816 2002; x_wconf 85' lang='lat' dir='ltr'>mandarat,</span> <span class='ocrx_word' id='word_1_79' title='bbox 1889 1913 2263 1987; x_wconf 88' lang='lat' dir='ltr'>cardinalis</span> <span class='ocrx_word' id='word_1_80' title='bbox 2308 1936 2553 2008; x_wconf 84' lang='lat' dir='ltr'>poenas</span> <span class='ocrx_word' id='word_1_81' title='bbox 2609 1937 2696 1986; x_wconf 85' lang='lat' dir='ltr'>ex</span> <span class='ocrx_word' id='word_1_82' title='bbox 2746 1912 3043 1987; x_wconf 87' lang='lat' dir='ltr'>Condaeo</span> 
     </span>
     <span class='ocr_line' id='line_1_12' title="bbox 816 2030 3042 2135; baseline -0.001 -24"><span class='ocrx_word' id='word_1_83' title='bbox 816 2048 1135 2135; x_wconf 89' lang='lat' dir='ltr'>repetere</span> <span class='ocrx_word' id='word_1_84' title='bbox 1170 2037 1260 2110; x_wconf 92' lang='lat' dir='ltr'>ab</span> <span class='ocrx_word' id='word_1_85' title='bbox 1294 2060 1375 2110; x_wconf 87' lang='lat' dir='ltr'>ea</span> <span class='ocrx_word' id='word_1_86' title='bbox 1432 2039 1544 2110; x_wconf 89' lang='lat' dir='ltr'>die</span> <span class='ocrx_word' id='word_1_87' title='bbox 1591 2039 1991 2111; x_wconf 86' lang='lat' dir='ltr'>constituit:</span> <span class='ocrx_word' id='word_1_88' title='bbox 2058 2039 2242 2135; x_wconf 88' lang='lat' dir='ltr'>quod</span> <span class='ocrx_word' id='word_1_89' title='bbox 2291 2038 2529 2133; x_wconf 83' lang='lat' dir='ltr'>paucis</span> <span class='ocrx_word' id='word_1_90' title='bbox 2587 2030 2741 2133; x_wconf 83' lang='lat' dir='ltr'>post</span> <span class='ocrx_word' id='word_1_91' title='bbox 2794 2036 3042 2110; x_wconf 89' lang='lat' dir='ltr'>diebus</span> 
     </span>
     <span class='ocr_line' id='line_1_13' title="bbox 817 2161 3039 2258; baseline 0 -24"><span class='ocrx_word' id='word_1_92' title='bbox 817 2163 1070 2237; x_wconf 88' lang='lat' dir='ltr'>factum</span> <span class='ocrx_word' id='word_1_93' title='bbox 1128 2173 1260 2236; x_wconf 91' lang='lat' dir='ltr'>est.</span> <span class='ocrx_word' id='word_1_94' title='bbox 1332 2163 1576 2258; x_wconf 83' lang='lat' dir='ltr'>Neque</span> <span class='ocrx_word' id='word_1_95' title='bbox 1634 2163 1934 2257; x_wconf 89' lang='lat' dir='ltr'>primum</span> <span class='ocrx_word' id='word_1_96' title='bbox 1998 2161 2181 2235; x_wconf 90' lang='lat' dir='ltr'>idem</span> <span class='ocrx_word' id='word_1_97' title='bbox 2252 2162 2338 2235; x_wconf 90' lang='lat' dir='ltr'>de</span> <span class='ocrx_word' id='word_1_98' title='bbox 2384 2162 2859 2255; x_wconf 85' lang='lat' dir='ltr'>Longavillaeo</span> <span class='ocrx_word' id='word_1_99' title='bbox 2909 2162 3039 2235; x_wconf 86' lang='lat' dir='ltr'>de-</span> 
     </span>
     <span class='ocr_line' id='line_1_14' title="bbox 816 2287 3041 2381; baseline -0.001 -21"><span class='ocrx_word' id='word_1_100' title='bbox 816 2300 1188 2362; x_wconf 82' lang='lat' dir='ltr'>creverat:</span> <span class='ocrx_word' id='word_1_101' title='bbox 1265 2288 1405 2359; x_wconf 87' lang='lat' dir='ltr'>dux</span> <span class='ocrx_word' id='word_1_102' title='bbox 1463 2288 1685 2377; x_wconf 90' lang='lat' dir='ltr'>enim,</span> <span class='ocrx_word' id='word_1_103' title='bbox 1757 2288 1979 2381; x_wconf 89' lang='lat' dir='ltr'>primo</span> <span class='ocrx_word' id='word_1_104' title='bbox 2042 2287 2171 2359; x_wconf 88' lang='lat' dir='ltr'>irae</span> <span class='ocrx_word' id='word_1_105' title='bbox 2242 2297 2427 2360; x_wconf 90' lang='lat' dir='ltr'>motu</span> <span class='ocrx_word' id='word_1_106' title='bbox 2462 2341 2480 2377; x_wconf 92' lang='lat'>,</span> <span class='ocrx_word' id='word_1_107' title='bbox 2556 2309 2711 2359; x_wconf 88' lang='lat' dir='ltr'>sese</span> <span class='ocrx_word' id='word_1_108' title='bbox 2771 2288 3041 2380; x_wconf 81' lang='lat' dir='ltr'>reginae</span> 
     </span>
     <span class='ocr_line' id='line_1_15' title="bbox 811 2411 3041 2509; baseline 0 -25"><span class='ocrx_word' id='word_1_109' title='bbox 811 2413 1297 2506; x_wconf 89' lang='lat' dir='ltr'>Mazarinoque</span> <span class='ocrx_word' id='word_1_110' title='bbox 1333 2411 1636 2484; x_wconf 88' lang='lat' dir='ltr'>fideliter</span> <span class='ocrx_word' id='word_1_111' title='bbox 1672 2412 2038 2509; x_wconf 77' lang='lat' dir='ltr'>addicendi</span> <span class='ocrx_word' id='word_1_112' title='bbox 2067 2411 2434 2484; x_wconf 88' lang='lat' dir='ltr'>consilium</span> <span class='ocrx_word' id='word_1_113' title='bbox 2461 2423 2767 2506; x_wconf 90' lang='lat' dir='ltr'>ceperat.</span> <span class='ocrx_word' id='word_1_114' title='bbox 2811 2413 3041 2485; x_wconf 90' lang='lat' dir='ltr'>Testis</span> 
     </span>
     <span class='ocr_line' id='line_1_16' title="bbox 812 2532 3040 2632; baseline -0 -23"><span class='ocrx_word' id='word_1_115' title='bbox 812 2538 943 2612; x_wconf 89' lang='lat' dir='ltr'>fuit</span> <span class='ocrx_word' id='word_1_116' title='bbox 999 2539 1328 2629; x_wconf 86' lang='lat' dir='ltr'>Priolus,</span> <span class='ocrx_word' id='word_1_117' title='bbox 1404 2536 1727 2610; x_wconf 81' lang='lat' dir='ltr'>fortassis</span> <span class='ocrx_word' id='word_1_118' title='bbox 1790 2546 1857 2609; x_wconf 88' lang='lat' dir='ltr'>et</span> <span class='ocrx_word' id='word_1_119' title='bbox 1917 2547 2187 2626; x_wconf 85' lang='lat' dir='ltr'>auctor,</span> <span class='ocrx_word' id='word_1_120' title='bbox 2262 2548 2467 2632; x_wconf 92' lang='lat' dir='ltr'>prout</span> <span class='ocrx_word' id='word_1_121' title='bbox 2536 2537 2871 2632; x_wconf 79' lang='lat' dir='ltr'>suspicari</span> <span class='ocrx_word' id='word_1_122' title='bbox 2934 2532 3040 2608; x_wconf 90' lang='lat' dir='ltr'>fas</span> 
     </span>
     <span class='ocr_line' id='line_1_17' title="bbox 812 2661 3040 2761; baseline -0.001 -24"><span class='ocrx_word' id='word_1_123' title='bbox 812 2677 917 2738; x_wconf 91' lang='lat' dir='ltr'>est</span> <span class='ocrx_word' id='word_1_124' title='bbox 961 2689 976 2736; x_wconf 73' lang='grc' dir='ltr'>ε</span> <span class='ocrx_word' id='word_1_125' title='bbox 1046 2663 1382 2761; x_wconf 90' lang='lat' dir='ltr'>quidquid</span> <span class='ocrx_word' id='word_1_126' title='bbox 1447 2663 1631 2735; x_wconf 90' lang='lat' dir='ltr'>enim</span> <span class='ocrx_word' id='word_1_127' title='bbox 1696 2662 1788 2735; x_wconf 90' lang='lat' dir='ltr'>ad</span> <span class='ocrx_word' id='word_1_128' title='bbox 1843 2661 2114 2756; x_wconf 86' lang='lat' dir='ltr'>jamdiu</span> <span class='ocrx_word' id='word_1_129' title='bbox 2168 2663 2618 2735; x_wconf 89' lang='lat' dir='ltr'>constitu-tum</span> <span class='ocrx_word' id='word_1_130' title='bbox 2673 2687 2827 2734; x_wconf 91' lang='lat' dir='ltr'>cum</span> <span class='ocrx_word' id='word_1_131' title='bbox 2882 2663 3040 2735; x_wconf 89' lang='lat' dir='ltr'>aula</span> 
     </span>
     <span class='ocr_line' id='line_1_18' title="bbox 812 2787 3038 2883; baseline 0 -21"><span class='ocrx_word' id='word_1_132' title='bbox 812 2790 1030 2864; x_wconf 86' lang='lat' dir='ltr'>nostri</span> <span class='ocrx_word' id='word_1_133' title='bbox 1086 2789 1386 2863; x_wconf 90' lang='lat' dir='ltr'>hominis</span> <span class='ocrx_word' id='word_1_134' title='bbox 1442 2811 1857 2865; x_wconf 91' lang='lat' dir='ltr'>consensum</span> <span class='ocrx_word' id='word_1_135' title='bbox 1908 2787 2224 2883; x_wconf 82' lang='lat' dir='ltr'>pertinet·</span> <span class='ocrx_word' id='word_1_136' title='bbox 2270 2812 2311 2861; x_wconf 93' lang='lat' dir='ltr'>a</span> <span class='ocrx_word' id='word_1_137' title='bbox 2362 2788 2599 2862; x_wconf 89' lang='lat' dir='ltr'>Priolo</span> <span class='ocrx_word' id='word_1_138' title='bbox 2652 2789 3038 2863; x_wconf 88' lang='lat' dir='ltr'>accuratis-</span> 
     </span>
     <span class='ocr_line' id='line_1_19' title="bbox 813 2914 3039 3009; baseline 0 -22"><span class='ocrx_word' id='word_1_139' title='bbox 813 2916 1011 3004; x_wconf 85' lang='lat' dir='ltr'>sime,</span> <span class='ocrx_word' id='word_1_140' title='bbox 1076 2938 1204 2987; x_wconf 89' lang='lat' dir='ltr'>nec</span> <span class='ocrx_word' id='word_1_141' title='bbox 1260 2914 1541 3009; x_wconf 88' lang='lat' dir='ltr'>injuria,</span> <span class='ocrx_word' id='word_1_142' title='bbox 1599 2914 1671 2985; x_wconf 90' lang='lat' dir='ltr'>in</span> <span class='ocrx_word' id='word_1_143' title='bbox 1727 2914 2019 2985; x_wconf 88' lang='lat' dir='ltr'>historia</span> <span class='ocrx_word' id='word_1_144' title='bbox 2058 2914 2609 3009; x_wconf 85' lang='lat' dir='ltr'>praetermissum</span> <span class='ocrx_word' id='word_1_145' title='bbox 2649 2924 2780 2987; x_wconf 89' lang='lat' dir='ltr'>est.</span> <span class='ocrx_word' id='word_1_146' title='bbox 2832 2916 3039 2987; x_wconf 89' lang='lat' dir='ltr'>Notat</span> 
     </span>
     <span class='ocr_line' id='line_1_20' title="bbox 810 3040 3105 3137; baseline -0.001 -24"><span class='ocrx_word' id='word_1_147' title='bbox 810 3042 960 3114; x_wconf 88' lang='lat' dir='ltr'>haec</span> <span class='ocrx_word' id='word_1_148' title='bbox 1001 3041 1471 3114; x_wconf 86' lang='lat' dir='ltr'>tantummodo</span> <span class='ocrx_word' id='word_1_149' title='bbox 1528 3040 1836 3113; x_wconf 83' lang='lat' dir='ltr'>PrioluS.</span> <span class='ocrx_word' id='word_1_150' title='bbox 1892 3066 1930 3112; x_wconf 86' lang='lat'>«</span> <span class='ocrx_word' id='word_1_151' title='bbox 1986 3041 2052 3112; x_wconf 92' lang='lat' dir='ltr'><strong>A</strong></span> <span class='ocrx_word' id='word_1_152' title='bbox 2093 3042 2342 3137; x_wconf 83' lang='lat' dir='ltr'>regina</span> <span class='ocrx_word' id='word_1_153' title='bbox 2381 3050 2449 3113; x_wconf 87' lang='lat' dir='ltr'>et</span> <span class='ocrx_word' id='word_1_154' title='bbox 2501 3041 2886 3119; x_wconf 85' lang='lat' dir='ltr'>Mazarino.</span> <span class='ocrx_word' id='word_1_155' title='bbox 2929 3064 3038 3111; x_wconf 88' lang='lat' dir='ltr'>me</span> <span class='ocrx_word' id='word_1_156' title='bbox 3093 3046 3105 3057; x_wconf 90' lang='lat'>&#39;</span> 
     </span>
     <span class='ocr_line' id='line_1_21' title="bbox 812 3162 3028 3262; baseline -0.001 -25"><span class='ocrx_word' id='word_1_157' title='bbox 812 3176 1203 3262; x_wconf 82' lang='lat' dir='ltr'>praesente,</span> <span class='ocrx_word' id='word_1_158' title='bbox 1287 3162 1482 3262; x_wconf 86' lang='lat' dir='ltr'>(dux)</span> <span class='ocrx_word' id='word_1_159' title='bbox 1541 3167 2060 3261; x_wconf 84' lang='lat' dir='ltr'>praeteritorum</span> <span class='ocrx_word' id='word_1_160' title='bbox 2124 3166 2419 3261; x_wconf 85' lang='lat' dir='ltr'>supplex</span> <span class='ocrx_word' id='word_1_161' title='bbox 2478 3166 2752 3238; x_wconf 89' lang='lat' dir='ltr'>veniam</span> <span class='ocrx_word' id='word_1_162' title='bbox 2817 3165 3028 3261; x_wconf 89' lang='lat' dir='ltr'>petit:</span> 
     </span>
     <span class='ocr_line' id='line_1_22' title="bbox 808 3287 3033 3387; baseline -0.003 -22"><span class='ocrx_word' id='word_1_163' title='bbox 808 3291 1219 3387; x_wconf 88' lang='lat' dir='ltr'>obsequium</span> <span class='ocrx_word' id='word_1_164' title='bbox 1277 3299 1345 3361; x_wconf 90' lang='lat' dir='ltr'>et</span> <span class='ocrx_word' id='word_1_165' title='bbox 1400 3289 1605 3362; x_wconf 88' lang='lat' dir='ltr'>fidem</span> <span class='ocrx_word' id='word_1_166' title='bbox 1653 3291 1994 3364; x_wconf 88' lang='lat' dir='ltr'>adversus</span> <span class='ocrx_word' id='word_1_167' title='bbox 2050 3314 2495 3387; x_wconf 90' lang='lat' dir='ltr'>quoscunque</span> <span class='ocrx_word' id='word_1_168' title='bbox 2541 3290 2890 3386; x_wconf 90' lang='lat' dir='ltr'>pollicitus</span> <span class='ocrx_word' id='word_1_169' title='bbox 2927 3287 3033 3362; x_wconf 77' lang='lat'>².»</span> 
     </span>
     <span class='ocr_line' id='line_1_23' title="bbox 809 3415 3037 3492; baseline -0.001 -1"><span class='ocrx_word' id='word_1_170' title='bbox 809 3419 1099 3492; x_wconf 89' lang='lat' dir='ltr'>Utinam</span> <span class='ocrx_word' id='word_1_171' title='bbox 1137 3417 1212 3488; x_wconf 93' lang='lat' dir='ltr'>in</span> <span class='ocrx_word' id='word_1_172' title='bbox 1262 3415 1388 3488; x_wconf 91' lang='lat' dir='ltr'>tali</span> <span class='ocrx_word' id='word_1_173' title='bbox 1427 3427 1658 3489; x_wconf 83' lang='lat' dir='ltr'>mente</span> <span class='ocrx_word' id='word_1_174' title='bbox 1705 3418 2073 3489; x_wconf 82' lang='lat' dir='ltr'>haesisset:</span> <span class='ocrx_word' id='word_1_175' title='bbox 2117 3417 2283 3489; x_wconf 82' lang='lat' dir='ltr'>vicit</span> <span class='ocrx_word' id='word_1_176' title='bbox 2321 3428 2552 3490; x_wconf 88' lang='lat' dir='ltr'>autem</span> <span class='ocrx_word' id='word_1_177' title='bbox 2601 3416 3037 3489; x_wconf 87' lang='lat' dir='ltr'>Condaeanus</span> 
     </span>
     <span class='ocr_line' id='line_1_24' title="bbox 754 3541 3035 3638; baseline -0.002 -22"><span class='ocrx_word' id='word_1_178' title='bbox 754 3545 763 3550; x_wconf 80' lang='lat'>&#39;</span> <span class='ocrx_word' id='word_1_179' title='bbox 810 3544 1058 3616; x_wconf 88' lang='lat' dir='ltr'>timor:</span> <span class='ocrx_word' id='word_1_180' title='bbox 1133 3543 1367 3616; x_wconf 88' lang='lat' dir='ltr'>vicere</span> <span class='ocrx_word' id='word_1_181' title='bbox 1415 3551 1485 3615; x_wconf 89' lang='lat' dir='ltr'>et</span> <span class='ocrx_word' id='word_1_182' title='bbox 1535 3543 1780 3614; x_wconf 88' lang='lat' dir='ltr'>matris</span> <span class='ocrx_word' id='word_1_183' title='bbox 1817 3541 2103 3614; x_wconf 88' lang='lat' dir='ltr'>Condaei</span> <span class='ocrx_word' id='word_1_184' title='bbox 2154 3543 2458 3615; x_wconf 84' lang='lat' dir='ltr'>lacrimae</span> <span class='ocrx_word' id='word_1_185' title='bbox 2498 3566 2653 3638; x_wconf 87' lang='lat' dir='ltr'>quae</span> <span class='ocrx_word' id='word_1_186' title='bbox 2690 3566 3035 3636; x_wconf 84' lang='lat' dir='ltr'>generum</span> 
     </span>
     <span class='ocr_line' id='line_1_25' title="bbox 809 3662 3037 3766; baseline -0 -27"><span class='ocrx_word' id='word_1_187' title='bbox 809 3692 965 3739; x_wconf 91' lang='lat' dir='ltr'>cum</span> <span class='ocrx_word' id='word_1_188' title='bbox 1014 3668 1154 3740; x_wconf 93' lang='lat' dir='ltr'>filio</span> <span class='ocrx_word' id='word_1_189' title='bbox 1203 3669 1301 3740; x_wconf 91' lang='lat' dir='ltr'>ita</span> <span class='ocrx_word' id='word_1_190' title='bbox 1360 3667 1758 3740; x_wconf 86' lang='lat' dir='ltr'>conciliavit</span> <span class='ocrx_word' id='word_1_191' title='bbox 1797 3676 1873 3737; x_wconf 90' lang='lat' dir='ltr'>ut</span> <span class='ocrx_word' id='word_1_192' title='bbox 1927 3662 2065 3738; x_wconf 88' lang='lat' dir='ltr'>non</span> <span class='ocrx_word' id='word_1_193' title='bbox 2124 3668 2354 3740; x_wconf 89' lang='lat' dir='ltr'>minus</span> <span class='ocrx_word' id='word_1_194' title='bbox 2391 3667 2601 3766; x_wconf 85' lang='lat' dir='ltr'>fidem</span> <span class='ocrx_word' id='word_1_195' title='bbox 2643 3668 3037 3761; x_wconf 85' lang='lat' dir='ltr'>Longavil-</span> 
     </span>
     <span class='ocr_line' id='line_1_26' title="bbox 806 3791 3035 3887; baseline 0.002 -25"><span class='ocrx_word' id='word_1_196' title='bbox 806 3791 983 3863; x_wconf 91' lang='lat' dir='ltr'>laeus</span> <span class='ocrx_word' id='word_1_197' title='bbox 1054 3791 1356 3867; x_wconf 81' lang='lat' dir='ltr'>Condaeo</span> <span class='ocrx_word' id='word_1_198' title='bbox 1432 3793 1830 3887; x_wconf 87' lang='lat' dir='ltr'>promiserit</span> <span class='ocrx_word' id='word_1_199' title='bbox 1893 3813 2102 3887; x_wconf 89' lang='lat' dir='ltr'>quam</span> <span class='ocrx_word' id='word_1_200' title='bbox 2160 3793 2461 3886; x_wconf 80' lang='lat' dir='ltr'>Reginae</span> <span class='ocrx_word' id='word_1_201' title='bbox 2530 3802 2599 3866; x_wconf 91' lang='lat' dir='ltr'>et</span> <span class='ocrx_word' id='word_1_202' title='bbox 2673 3796 3035 3867; x_wconf 85' lang='lat' dir='ltr'>Mazarino</span> 
     </span>
     <span class='ocr_line' id='line_1_27' title="bbox 805 3916 3035 4015; baseline 0.002 -27"><span class='ocrx_word' id='word_1_203' title='bbox 805 3917 1029 4013; x_wconf 89' lang='lat' dir='ltr'>pridie</span> <span class='ocrx_word' id='word_1_204' title='bbox 1081 3916 1369 3991; x_wconf 86' lang='lat' dir='ltr'>fecerat.</span> <span class='ocrx_word' id='word_1_205' title='bbox 1417 3919 1538 3990; x_wconf 92' lang='lat' dir='ltr'>Nil</span> <span class='ocrx_word' id='word_1_206' title='bbox 1585 3920 1806 4014; x_wconf 88' lang='lat' dir='ltr'>potuit</span> <span class='ocrx_word' id='word_1_207' title='bbox 1846 3919 1996 3991; x_wconf 84' lang='lat' dir='ltr'>fieri</span> <span class='ocrx_word' id='word_1_208' title='bbox 2023 3921 2350 4015; x_wconf 86' lang='lat' dir='ltr'>ineptiuS,</span> <span class='ocrx_word' id='word_1_209' title='bbox 2387 3944 2601 4015; x_wconf 91' lang='lat' dir='ltr'>quum</span> <span class='ocrx_word' id='word_1_210' title='bbox 2636 3920 3035 4006; x_wconf 83' lang='lat' dir='ltr'>Mazarinus</span> 
     </span>
     <span class='ocr_line' id='line_1_28' title="bbox 803 4043 3032 4139; baseline 0.002 -26"><span class='ocrx_word' id='word_1_211' title='bbox 803 4043 1162 4117; x_wconf 86' lang='lat' dir='ltr'>videretur</span> <span class='ocrx_word' id='word_1_212' title='bbox 1203 4045 1276 4115; x_wconf 93' lang='lat' dir='ltr'>in</span> <span class='ocrx_word' id='word_1_213' title='bbox 1319 4044 1763 4117; x_wconf 89' lang='lat' dir='ltr'>clementiam</span> <span class='ocrx_word' id='word_1_214' title='bbox 1803 4056 1871 4118; x_wconf 89' lang='lat' dir='ltr'>et</span> <span class='ocrx_word' id='word_1_215' title='bbox 1908 4044 2508 4120; x_wconf 86' lang='lat' dir='ltr'>mansuetudinem</span> <span class='ocrx_word' id='word_1_216' title='bbox 2563 4068 2736 4139; x_wconf 85' lang='lat' dir='ltr'>erga</span> <span class='ocrx_word' id='word_1_217' title='bbox 2788 4047 3032 4120; x_wconf 90' lang='lat' dir='ltr'>ducem</span> 
     </span>
     <span class='ocr_line' id='line_1_29' title="bbox 805 4168 3028 4264; baseline 0.001 -22"><span class='ocrx_word' id='word_1_218' title='bbox 805 4171 1077 4244; x_wconf 88' lang='lat' dir='ltr'>sincere</span> <span class='ocrx_word' id='word_1_219' title='bbox 1119 4168 1608 4244; x_wconf 67' lang='lat' dir='ltr'>inclinaturus</span> <span class='ocrx_word' id='word_1_220' title='bbox 1657 4171 1787 4242; x_wconf 88' lang='lat' dir='ltr'>«E</span> <span class='ocrx_word' id='word_1_221' title='bbox 1818 4193 1979 4244; x_wconf 88' lang='lat' dir='ltr'>cosa</span> <span class='ocrx_word' id='word_1_222' title='bbox 2023 4181 2241 4262; x_wconf 88' lang='lat' dir='ltr'>certa,</span> <span class='ocrx_word' id='word_1_223' title='bbox 2291 4169 2596 4244; x_wconf 87' lang='lat' dir='ltr'>affirmat</span> <span class='ocrx_word' id='word_1_224' title='bbox 2632 4173 3028 4264; x_wconf 79' lang='lat' dir='ltr'>PrioratuS,</span> 
     </span>
     <span class='ocr_line' id='line_1_30' title="bbox 803 4296 3032 4392; baseline -0 -22"><span class='ocrx_word' id='word_1_225' title='bbox 803 4298 931 4370; x_wconf 90' lang='lat' dir='ltr'>che</span> <span class='ocrx_word' id='word_1_226' title='bbox 971 4297 1042 4369; x_wconf 92' lang='lat' dir='ltr'>la</span> <span class='ocrx_word' id='word_1_227' title='bbox 1076 4296 1296 4392; x_wconf 15' lang='lat' dir='ltr'>,Corte</span> <span class='ocrx_word' id='word_1_228' title='bbox 1337 4320 1475 4368; x_wconf 89' lang='lat' dir='ltr'>non</span> <span class='ocrx_word' id='word_1_229' title='bbox 1515 4317 1637 4368; x_wconf 92' lang='lat' dir='ltr'>era</span> <span class='ocrx_word' id='word_1_230' title='bbox 1684 4296 1823 4367; x_wconf 90' lang='lat' dir='ltr'>mal</span> <span class='ocrx_word' id='word_1_231' title='bbox 1866 4297 2327 4370; x_wconf 85' lang='lat' dir='ltr'>intentionata</span> <span class='ocrx_word' id='word_1_232' title='bbox 2375 4310 2615 4371; x_wconf 89' lang='lat' dir='ltr'>contro</span> <span class='ocrx_word' id='word_1_233' title='bbox 2654 4298 2708 4369; x_wconf 92' lang='lat' dir='ltr'>il</span> <span class='ocrx_word' id='word_1_234' title='bbox 2751 4299 2927 4373; x_wconf 89' lang='lat' dir='ltr'>duca</span> <span class='ocrx_word' id='word_1_235' title='bbox 2964 4300 3032 4372; x_wconf 93' lang='lat' dir='ltr'>di</span> 
     </span>
    </p>
   </div>
   <div class='ocr_carea' id='block_1_3' title="bbox 866 4546 1886 4614">
    <p class='ocr_par' dir='ltr' id='par_1_3' title="bbox 866 4546 1886 4614">
     <span class='ocr_line' id='line_1_31' title="bbox 866 4546 1886 4614; baseline 0.006 -19"><span class='ocrx_word' id='word_1_236' title='bbox 866 4550 886 4583; x_wconf 78' lang='lat'><strong>1</strong></span> <span class='ocrx_word' id='word_1_237' title='bbox 920 4546 999 4598; x_wconf 87' lang='lat' dir='ltr'>Cf.</span> <span class='ocrx_word' id='word_1_238' title='bbox 1034 4546 1232 4598; x_wconf 84' lang='lat' dir='ltr'>Gualdo</span> <span class='ocrx_word' id='word_1_239' title='bbox 1258 4549 1497 4598; x_wconf 85' lang='lat' dir='ltr'>Priorato</span> <span class='ocrx_word' id='word_1_240' title='bbox 1528 4565 1603 4607; x_wconf 77' lang='lat' dir='ltr'>iv,</span> <span class='ocrx_word' id='word_1_241' title='bbox 1636 4566 1690 4614; x_wconf 87' lang='lat' dir='ltr'>p.</span> <span class='ocrx_word' id='word_1_242' title='bbox 1720 4550 1886 4601; x_wconf 78' lang='lat'>69-70.</span> 
     </span>
    </p>
   </div>
   <div class='ocr_carea' id='block_1_4' title="bbox 802 4627 3035 4778">
    <p class='ocr_par' dir='ltr' id='par_1_4' title="bbox 802 4627 3035 4778">
     <span class='ocr_line' id='line_1_32' title="bbox 866 4627 3035 4702; baseline 0.006 -24"><span class='ocrx_word' id='word_1_243' title='bbox 866 4629 888 4664; x_wconf 80' lang='lat'>²</span> <span class='ocrx_word' id='word_1_244' title='bbox 923 4627 1146 4688; x_wconf 78' lang='lat' dir='ltr'>Priolus,</span> <span class='ocrx_word' id='word_1_245' title='bbox 1183 4644 1260 4688; x_wconf 78' lang='lat' dir='ltr'>iv,</span> <span class='ocrx_word' id='word_1_246' title='bbox 1294 4645 1344 4693; x_wconf 91' lang='lat' dir='ltr'>p.</span> <span class='ocrx_word' id='word_1_247' title='bbox 1380 4629 1460 4679; x_wconf 84' lang='lat'>50.</span> <span class='ocrx_word' id='word_1_248' title='bbox 1506 4630 1761 4687; x_wconf 83' lang='lat' dir='ltr'>Priorato.</span> <span class='ocrx_word' id='word_1_249' title='bbox 1806 4648 1881 4691; x_wconf 75' lang='lat' dir='ltr'>iv,</span> <span class='ocrx_word' id='word_1_250' title='bbox 1915 4648 1966 4697; x_wconf 83' lang='lat' dir='ltr'>p.</span> <span class='ocrx_word' id='word_1_251' title='bbox 1993 4632 2071 4682; x_wconf 77' lang='lat'>72.</span> <span class='ocrx_word' id='word_1_252' title='bbox 2121 4634 2196 4683; x_wconf 83' lang='lat' dir='ltr'>Ex</span> <span class='ocrx_word' id='word_1_253' title='bbox 2227 4635 2505 4687; x_wconf 81' lang='lat' dir='ltr'>Labardaeo</span> <span class='ocrx_word' id='word_1_254' title='bbox 2536 4637 2910 4702; x_wconf 80' lang='lat' dir='ltr'>Longavillaeus</span> <span class='ocrx_word' id='word_1_255' title='bbox 2934 4640 3035 4691; x_wconf 83' lang='lat' dir='ltr'>dux</span> 
     </span>
     <span class='ocr_line' id='line_1_33' title="bbox 802 4708 2396 4778; baseline 0.004 -19"><span class='ocrx_word' id='word_1_256' title='bbox 802 4710 1033 4774; x_wconf 85' lang='lat' dir='ltr'>reginam</span> <span class='ocrx_word' id='word_1_257' title='bbox 1058 4714 1109 4759; x_wconf 90' lang='lat' dir='ltr'>et</span> <span class='ocrx_word' id='word_1_258' title='bbox 1128 4708 1446 4758; x_wconf 86' lang='lat' dir='ltr'>Mazarinum</span> <span class='ocrx_word' id='word_1_259' title='bbox 1480 4708 1726 4760; x_wconf 86' lang='lat' dir='ltr'>allocutus</span> <span class='ocrx_word' id='word_1_260' title='bbox 1737 4717 1827 4761; x_wconf 74' lang='lat' dir='ltr'>‘est</span> <span class='ocrx_word' id='word_1_261' title='bbox 1849 4712 2019 4776; x_wconf 53' lang='lat' dir='ltr'>(Labq</span> <span class='ocrx_word' id='word_1_262' title='bbox 2048 4728 2167 4773; x_wconf 70' lang='lat' dir='ltr'>vm,</span> <span class='ocrx_word' id='word_1_263' title='bbox 2188 4731 2236 4778; x_wconf 89' lang='lat' dir='ltr'>p.</span> <span class='ocrx_word' id='word_1_264' title='bbox 2263 4715 2396 4777; x_wconf 87' lang='lat'>500).</span> 
     </span>
    </p>
   </div>
   <div class='ocr_carea' id='block_1_5' title="bbox 3469 1868 3474 2440">
    <p class='ocr_par' dir='ltr' id='par_1_5' title="bbox 3469 1868 3474 2440">
     <span class='ocr_line' id='line_1_34' title="bbox 3469 1868 3474 2440; baseline 0 0"><span class='ocrx_word' id='word_1_265' title='bbox 3469 1868 3474 2440; x_wconf 95' lang='lat' dir='ltr'> </span> 
     </span>
    </p>
   </div>
   <div class='ocr_carea' id='block_1_6' title="bbox 3463 4101 3471 5620">
    <p class='ocr_par' dir='ltr' id='par_1_6' title="bbox 3463 4101 3471 5620">
     <span class='ocr_line' id='line_1_35' title="bbox 3463 4101 3471 5620; baseline 0 0"><span class='ocrx_word' id='word_1_266' title='bbox 3463 4101 3471 5620; x_wconf 95' lang='lat' dir='ltr'> </span> 
     </span>
    </p>
   </div>
  </div>
 </body>
</html>
