3507 5683
1189 645 1391 696 VITA
1423 645 1520 696 ET
1555 642 1928 694 SCRIPTIS
2611 638 2675 692 35

436 791 581 854 tum
640 791 746 854 est
802 782 877 852 in
917 781 1049 853 hoc
1075 782 1498 854 Niceronem
1546 781 1918 854 admodum
1983 781 2359 852 erravisse.
2433 778 2678 872 Adjice

438 906 622 1003 quod
650 905 923 978 codices
949 907 1290 978 Mazarini
1306 916 1661 980 testantur
1700 907 1898 978 illum
1926 906 2017 978 ab
2041 928 2223 978 anno
2253 903 2440 977 1645
2462 926 2682 1000 usque

439 1030 529 1102 ad
601 1053 865 1102 annum
926 1030 1113 1103 1648
1179 1023 1654 1126 Longavillaeo
1709 1032 1786 1103 in
1817 1031 2282 1103 ,Monasterio
2326 1028 2681 1101 addictum

440 1180 592 1228 esse
628 1154 679 1227 1.
751 1157 882 1241 Qui
956 1166 1190 1230 autem
1250 1159 1404 1230 fieri
1461 1159 1685 1254 potuit
1760 1166 1836 1228 ut
1893 1157 2085 1229 illum
2156 1155 2678 1250 Longavillaeus

441 1282 746 1354 scribam
808 1282 1178 1376 delegerit,
1256 1282 1536 1356 difficile
1573 1292 1680 1356 est
1732 1283 1921 1355 dictu
1967 1307 1982 1353 ε
2024 1281 2523 1377 suspicandum
2574 1286 2680 1352 est

441 1407 770 1480 Priolum·
800 1408 937 1479 sibi
966 1419 1171 1481 antea
1192 1407 1656 1503 Longavillaei
1695 1408 2018 1479 fiduciam
2046 1406 2482 1494 conciliasse,
2519 1407 2667 1479 sive

441 1532 514 1602 in
544 1532 706 1604 aula
741 1532 830 1604 ad
867 1555 1072 1627 quam
1103 1534 1330 1620 totieS‚
1385 1543 1463 1605 ut
1521 1555 1733 1627 supra
1781 1532 2068 1620 dictum,
2122 1532 2377 1602 missus
2412 1529 2673 1622 fuerat,

442 1657 595 1728 sive
622 1659 693 1727 in
732 1657 1172 1751 Burgundiae
1201 1660 1527 1733 comitatu
1582 1658 1656 1727 in
1698 1680 1829 1753 quo
1866 1654 2425 1750 Longavilleeu‘S,
2470 1656 2677 1727 annis

447 1782 904 1872 1637-1638,
953 1784 1287 1855 exercitui
1327 1784 1592 1856 Gallico
1623 1781 2008 1878 praefuerat
2030 1778 2081 1852 ².
2123 1783 2300 1867 Quae
2328 1804 2543 1877 quum
2580 1780 2679 1852 ita

440 1908 605 2000 sint,
651 1908 931 1979 Priolus
969 1909 1256 1985 Geneva
1278 1909 1545 1998 relicta,
1594 1906 2127 1981 irrevocabilem
2167 1907 2414 2002 pedem
2457 1906 2680 1979 Lute-

444 2034 561 2104 tiae
597 2034 819 2127 figere
844 2033 1152 2106 decrevit
1191 2058 1324 2129 quo
1356 2042 1570 2106 totam
1611 2032 1950 2104 familiam
1999 2031 2289 2103 muliere
2325 2040 2393 2103 et
2431 2028 2679 2102 infan‘

443 2158 628 2230 tibus
691 2159 1094 2252 impeditam
1138 2159 1448 2230 deduxit.
1500 2159 1794 2253 Insuper
1843 2155 1997 2228 haec
2049 2167 2295 2228 narrat
2358 2155 2681 2227 Rhodius

445 2284 641 2355 illum
670 2283 994 2376 Lugduni
1020 2308 1141 2356 sex
1176 2307 1449 2356 menses
1480 2284 1931 2370 remansisse,
1982 2292 2060 2354 ut
2098 2306 2253 2354 cum
2300 2281 2679 2354 Francisco

457 2408 798 2480 cardinali
834 2409 1252 2498 Barberino,
1315 2410 1430 2505 qui
1468 2419 1636 2483 tunc
1680 2409 1777 2479 ibi
1830 2408 2156 2502 degebat,
2221 2408 2306 2480 de
2354 2406 2506 2478 veri
2570 2407 2681 2478 dei

439 2532 631 2605 cultu
661 2531 1014 2606 conferret
1071 2558 1087 2603 ε
1134 2534 1314 2605 varii
1351 2556 1708 2605 sermones
1747 2533 1933 2605 ultro
1972 2533 2244 2627 citoque
2270 2531 2519 2603 habiti.
2564 2530 2678 2603 Ad

439 2661 594 2732 haec
630 2661 925 2732 candide
982 2659 1300 2732 Rhodius
1335 2685 1352 2731 ε
1383 2684 1420 2730 «
1455 2659 1772 2732 Tandem
1810 2658 2243 2730 Barberinus
2301 2658 2390 2729 ad
2441 2679 2684 2728 sanam

441 2795 742 2858 mentem
754 2784 1028 2881 Jamdiu
1051 2795 1408 2860 nutantem
1427 2784 1744 2857 Priolum
1774 2795 1842 2857 et
1858 2785 1965 2856 sui
1985 2783 2332 2855 incertum
2353 2782 2637 2855 reduxit
2660 2808 2675 2854 ε

440 2913 562 2984 ille
590 2912 888 2983 immissi
925 2912 1076 2983 veri
1132 2912 1398 2983 lumine
1446 2910 1868 3006 stupefactus
1908 2934 2047 2982 non
2088 2908 2223 2981 sibi
2252 2920 2525 2981 tantum
2559 2910 2683 2981 sed

445 3039 571 3112 toti
602 3036 895 3109 familiae
933 3036 1328 3108 consultum
1367 3037 1583 3108 voluit
1609 3035 1659 3107 3.
1698 3062 1735 3107 »
1769 3038 1964 3108 Bene
2002 3035 2212 3107 habet
2256 3056 2271 3107 ε
2309 3033 2683 3106 dolendum

442 3173 679 3236 tamen
710 3172 815 3234 est
853 3161 1034 3256 quod
1065 3162 1341 3233 Priolus
1381 3162 1746 3257 repentino
1776 3163 1924 3232 veri
1955 3161 2221 3232 lumine
2251 3161 2687 3255 praestrictus

442 3288 687 3377 fuerit,
723 3311 804 3360 eo
829 3296 1142 3382 tempore
1200 3311 1335 3383 quo
1380 3287 2010 3360 Monasteriensem
2067 3294 2514 3374 conventum,
2551 3285 2684 3356 sub

448 3416 623 3487 duce
653 3412 1016 3503 catholicO,
1050 3413 1156 3484 ire
1209 3412 1700 3485 meditabatur.
1745 3412 2045 3506 Dignior
2077 3434 2247 3483 sane
2287 3407 2686 3481 Rhodianis

448 3538 801 3623 laudibus,
886 3537 1255 3609 dummodo
1311 3560 1400 3607 ne
1458 3537 1874 3631 religionem
1940 3536 2149 3607 simul
2195 3557 2276 3606 ac
2312 3543 2686 3629 patronum

449 3673 881 3737 commutare
903 3661 1265 3734 voluisset.

508 3910 529 3946 ¹
566 3908 800 3959 Carnem
820 3911 885 3959 de
918 3908 1210 3967 Mazarin‚
1246 3917 1305 3955 n0
1337 3908 1387 3968 7,
1420 3907 1461 3956 fo
1484 3909 1540 3968 J,
1567 3918 1642 3967 νῦ,
1670 3908 1713 3957 f0
1757 3910 1807 3969 8,
1834 3917 1907 3964 r0‚
1930 3908 1974 3956 f0
1999 3907 2078 3967 15,
2110 3918 2161 3955 r0
2192 3912 2243 3956 et
2271 3917 2345 3956 νο.

508 3988 532 4023 ²
566 3988 645 4039 Cf.
661 3990 763 4038 Les
787 3997 1019 4038 carnets
1046 3990 1110 4038 de
1123 3987 1422 4051 Mazaritn,
1462 3989 1593 4038 Rev.
1625 3984 1799 4045 Hist„
1827 3993 1863 4038 t.
1899 3988 1988 4046 IV,
2015 4003 2067 4051 p.
2094 3988 2199 4036 124.
2236 4003 2260 4032 α
2288 3988 2425 4036 Dans
2449 3986 2499 4036 le
2523 3992 2691 4050 temps

447 4069 601 4134 qu’on
632 4082 823 4132 songea
849 4070 881 4116 ὲ
934 4082 1156 4130 envoyer
1187 4066 1257 4116 M.
1293 4066 1356 4115 de
1402 4066 1740 4131 Longueville
1769 4082 1894 4116 avec
1925 4065 1998 4115 M.
2024 4066 2089 4115 de
2123 4066 2309 4116 Rohan
2340 4081 2403 4115 en
2433 4066 2687 4115 Franche-

449 4148 644 4205 comte,
675 4146 722 4196 le
749 4148 972 4212 premier
998 4148 1057 4196 fit
1085 4148 1350 4197 connaitre
1383 4149 1414 4196 a
1447 4148 1501 4197 S.
1534 4150 1593 4197 E.
1620 4146 1744 4212 qu’il
1774 4162 1806 4210 y
1834 4146 1980 4196 allait
2002 4146 2066 4195 de
2096 4161 2187 4195 son
2214 4147 2448 4195 honneur
2486 4144 2549 4194 de
2584 4161 2690 4195 ser-

445 4229 527 4277 vir
557 4242 619 4276 en
646 4226 832 4291 egalite
859 4242 979 4276 avec
1006 4227 1207 4286 l’aulre‚
1236 4227 1594 4276 commandant
1622 4242 1690 4274 un
1719 4226 1836 4291 jour
1860 4226 2075 4285 chacun,
2095 4226 2124 4272 a
2144 4224 2265 4288 quoi
2284 4224 2337 4274 S.
2365 4224 2423 4273 Ε.
2451 4224 2687 4288 repartit:

450 4326 476 4355 «
508 4309 570 4357 Je
599 4309 704 4358 suis
728 4307 874 4357 fache
903 4307 967 4354 de
997 4321 1122 4355 vous
1149 4306 1262 4355 dire
1281 4321 1379 4355 une
1404 4306 1558 4355 chose
1593 4307 1679 4372 qui
1713 4320 1840 4355 vous
1870 4319 1983 4354 sera
2024 4304 2375 4369 desagreable‚
2402 4319 2490 4353 car
2512 4319 2581 4352 un
2623 4302 2691 4352 tel

451 4390 539 4453 qui
563 4390 714 4438 m'est
739 4403 869 4437 venu
890 4394 1100 4437 trouver
1127 4386 1190 4435 de
1222 4386 1272 4435 la
1300 4392 1415 4450 part
1446 4387 1516 4436 du
1544 4387 1641 4435 duc
1661 4385 1724 4435 de
1743 4386 1934 4458 ‘Rohan
1956 4401 2037 4434 me
2063 4384 2141 4434 dit
2169 4384 2232 4433 de
2275 4399 2331 4433 sa
2355 4389 2471 4448 part
2503 4398 2600 4448 que
2629 4398 2692 4431 ne

452 4469 800 4519 conviendrait
824 4484 916 4533 pas
941 4471 972 4517 a
992 4468 1157 4516 servir
1188 4482 1251 4516 en
1278 4467 1469 4530 egalite
1492 4483 1614 4517 avec
1637 4482 1779 4517 vous.
1814 4485 1840 4511 ι)
1882 4466 2006 4525 Quis
2030 4466 2180 4514 suerit
2199 4466 2353 4513 homo
2378 4464 2451 4513 ita
2479 4464 2529 4512 in
2561 4463 2693 4512 codi-

455 4551 600 4601 cibus
636 4551 933 4616 designatus
966 4566 992 4597 «
1023 4565 1093 4598 un
1124 4549 1192 4598 tel
1227 4567 1252 4596 ›>
1289 4549 1446 4599 latet:
1477 4549 1688 4598 forsitan
1717 4549 1895 4598 Priolo
1931 4546 2450 4612 alluditssMazarinus.

488 4628 543 4669 '³
571 4632 825 4692 Rhodius,
854 4648 907 4696 p.
928 4631 959 4680 3
978 4646 992 4693 3
1014 4629 1093 4679 Csl
1124 4629 1356 4693 Lenglet,
1382 4629 1691 4691 Dufresnoy,
1721 4630 2002 4690 Me'thpde,
2023 4632 2141 4689 etc.‚
2173 4642 2316 4691 nup.
2335 4627 2442 4676 106.
2475 4644 2501 4672 «
2519 4626 2694 4676 Priolo

464 4714 642 4780 abjura
669 4712 902 4762 l’he'resie
930 4711 996 4760 de
1020 4709 1198 4761 Calvin
1225 4725 1288 4760 en
1323 4710 1464 4768 1648,
1489 4711 1521 4758 ὲ
1550 4710 1708 4772 Lyon.
1733 4727 1759 4756 »
