3507 5683
797 660 861 710 90
1470 661 1569 710 DE
1601 659 2052 711 BENJAMINI
2085 658 2364 709 PRIOLI

797 791 1030 890 gloire
1066 797 1152 869 de
1187 796 1303 869 feu
1351 797 1861 890 Monseigneur
1897 796 1964 869 le
1990 795 2354 884 Cardinal,
2391 803 2460 867 et
2495 794 2567 867 13
2605 792 3041 869 satisfaction

800 921 886 993 de
933 945 1103 993 vous
1167 921 1410 1016 plaire.
1477 921 1906 1017 Cependant,
1953 921 2345 1011 Monsieur,
2384 921 2463 1015 je
2497 945 2610 993 me
2666 927 2912 992 trouve
2946 919 3038 992 ici

800 1050 1081 1141 attaque
1119 1047 1205 1118 de
1241 1055 1395 1119 tous
1445 1051 1761 1119 costes...
1806 1046 2083 1140 Sij'ose
2136 1048 2406 1119 donner
2450 1069 2615 1117 mon
2654 1044 2868 1117 faible
2911 1047 3042 1140 ju-

799 1180 1081 1267 gement
1116 1195 1204 1244 en
1243 1180 1420 1243 cette
1459 1181 1865 1264 rencontre,
1894 1174 1968 1269 je
1994 1198 2170 1246 vous
2211 1173 2390 1246 dirai
2443 1170 2767 1269 qu’apr‘es
2808 1170 3042 1243 l’eclat

802 1299 898 1400 du
933 1299 1239 1392 premier
1290 1299 1496 1387 livre,
1538 1299 1587 1370 il
1624 1297 1744 1394 n’y
1787 1323 1828 1370 a
1863 1301 2016 1393 plus
2048 1300 2198 1371 rien
2231 1299 2274 1371 a
2301 1298 2787 1394 apprehender
2849 1305 2917 1369 et
2978 1298 3042 1370 si

801 1425 1097 1520 quelque
1122 1424 1327 1496 chose
1367 1433 1472 1496 est
1518 1423 1807 1519 capable
1865 1425 1951 1496 de
2007 1424 2186 1497 faire
2222 1424 2402 1496 taire
2438 1423 2720 1513 l’envie,
2755 1445 2834 1495 ce
2883 1446 3041 1496 sera

798 1550 1077 1646 lorsque
1131 1558 1356 1622 toutes
1400 1549 1505 1621 les
1569 1550 1883 1644 grandes
1922 1550 2195 1621 actions
2245 1550 2332 1622 de
2375 1549 2451 1620 S.
2485 1548 2572 1619 E.
2603 1549 3033 1643 paraistront

799 1698 976 1770 pour
1012 1699 1123 1746 me
1172 1673 1510 1746 defendre
1545 1684 1591 1745 ¹.
1641 1698 1678 1744 ))
1736 1676 1899 1748 Non
1937 1676 2074 1747 alia
2125 1675 2195 1746 in
2235 1675 2393 1746 aliis
2455 1673 2775 1771 epistolis
2820 1674 3035 1764 dolet,

798 1807 873 1871 ut
917 1824 932 1869 ε
974 1826 1012 1871 «
1056 1800 1142 1873 Je
1172 1798 1483 1871 n’aurais
1515 1800 1776 1892 jamais
1813 1822 1935 1875 cru
1971 1824 2105 1896 que
2130 1799 2384 1872 l’envie
2420 1800 2507 1872 de
2556 1824 2671 1873 ces
2715 1807 3040 1889 scavants

800 1927 886 1997 de
930 1927 1136 1997 Paris
1172 1925 1413 2019 passat
1452 1924 1493 1995 a
1537 1923 1631 1996 tel
1683 1926 1880 2020 point
1927 1935 2169 1998 contre
2244 1950 2405 2022 moy
2462 1927 2581 2023 qui
2631 1949 2722 1998 ne
2782 1923 2934 1995 vois
2966 1923 3042 1993 ni

797 2075 884 2123 ne
903 2051 1118 2123 hante
1155 2074 1528 2145 personne,
1575 2059 1642 2121 et
1684 2051 1792 2121 vis
1846 2074 2112 2123 comme
2141 2074 2238 2124 un
2276 2052 2721 2123 chartreux2.
2765 2076 2801 2120 »
2846 2049 3031 2122 Aut:

801 2201 838 2247 «
881 2176 1269 2264 Monsieur‚
1326 2200 1420 2248 vu
1473 2177 1577 2248 les
1633 2176 1872 2270 eloges
1931 2176 2048 2271 qui
2124 2185 2284 2249 sont
2337 2176 2607 2249 donnes
2668 2176 2754 2249 de
2815 2184 3039 2249 toutes

800 2310 995 2396 parts
1026 2302 1113 2372 de
1134 2301 1206 2372 13
1237 2301 1623 2374 chr-etiente
1660 2302 1701 2373 a
1727 2325 1806 2373 ce
1845 2310 2111 2395 pauvre
2162 2301 2334 2397 petit
2365 2300 2576 2390 livre,
2607 2299 2736 2396 j’ai
2766 2301 3039 2395 subject

798 2425 885 2496 de
914 2449 1023 2497 me
1054 2448 1341 2521 moquer
1372 2425 1496 2497 des
1522 2426 1816 2521 pedants
1837 2426 1923 2498 de
1953 2428 2183 2516 PariS,
2218 2428 2286 2499 la
2316 2426 2685 2519 malignite
2714 2426 3038 2521 desquels

799 2573 886 2620 ne
922 2551 1187 2622 ternira
1219 2573 1341 2643 pas
1393 2574 1505 2625 ma
1556 2548 1897 2647 gloire.³›>
1940 2549 2083 2623 Aut
2123 2552 2332 2625 etiam
2368 2575 2383 2621 ε
2442 2577 2481 2624 ε(
2530 2551 2917 2640 Monsieur,
2958 2551 3037 2644 je

799 2697 887 2746 ne
917 2697 1026 2746 me
1065 2674 1299 2746 soucie
1329 2677 1523 2771 point
1559 2677 1644 2748 de
1692 2683 1922 2749 toutes
1967 2676 2072 2749 les
2100 2675 2481 2750 calomnies
2515 2678 2591 2748 ni
2631 2677 2719 2749 de
2745 2684 2933 2749 toute
2973 2678 3040 2748 la

808 2798 1177 2894 malignite
1230 2802 1347 2896 qui
1386 2799 1664 2875 s’excite
1704 2810 1946 2876 contre
1981 2801 2144 2875 moi.
2191 2803 2232 2874 J
2240 2825 2278 2874 e
2306 2826 2396 2876 ne
2428 2803 2730 2876 cherche
2768 2802 2837 2876 la
2864 2826 3038 2898 pro-

801 2926 1059 2998 tection
1096 2950 1227 3021 que
1258 2929 1344 2999 de
1391 2929 1824 3000 moi-meme.
1886 2930 1986 3001 La
2038 2952 2212 3022 rage
2252 2939 2355 3001 est
2407 2931 2464 3000 si
2512 2929 2789 3025 grande
2830 2928 3038 3024 qu’on

801 3051 1185 3124 n'oubliera
1216 3052 1365 3124 rien
1406 3076 1581 3147 pour
1632 3076 1805 3125 vous
1841 3052 2020 3125 faire
2059 3054 2515 3149 comprendre
2568 3079 2701 3150 que
2725 3079 2887 3126 mon
2906 3079 3041 3127 ou·-

796 3198 1018 3270 vrage
1059 3176 1241 3249 n'est
1277 3199 1401 3271 pas
1420 3177 1582 3248 bon.
1613 3178 1727 3248 Un
1758 3202 1889 3272 peu
1921 3179 2007 3251 de
2035 3179 2353 3273 patience
2382 3203 2554 3252 vous
2589 3179 2742 3252 fera
2767 3180 2918 3252 voir
2960 3204 3039 3252 ce

798 3301 914 3396 qui
953 3324 1041 3372 en
1072 3310 1201 3374 est.
1246 3301 1287 3373 J
1295 3299 1383 3373 'ai
1404 3302 1704 3398 quelque
1724 3303 2236 3398 apprehension
2266 3304 2470 3398 qu’on
2497 3326 2670 3376 vous
2691 3303 2788 3377 ait
2809 3302 3036 3375 donne

796 3426 1155 3498 mauvaise
1171 3424 1665 3521 i1npression⁴.
1707 3453 1743 3498 ›>

891 3551 995 3624 Eo
1034 3560 1324 3624 ventum
1356 3562 1457 3624 est
1475 3564 1711 3627 tamen
1749 3565 1823 3627 ut
1844 3553 2207 3628 Colbertus
2236 3557 2536 3652 tempori
2563 3553 2948 3628 cedendum
2967 3561 3037 3626 et
3149 3654 3152 3661 .

792 3700 934 3749 non
985 3677 1281 3772 amplius
1319 3678 1809 3773 publicandam
1858 3704 2013 3753 esse
2082 3682 2302 3753 Prioli
2350 3681 2746 3771 historiam,
2821 3679 3037 3750 donec

791 3800 1042 3874 saltem
1085 3803 1212 3874 irae
1266 3804 1912 3898 restinguerentur,
1973 3816 2298 3880 censeret
2341 3831 2359 3877 z
2417 3808 2654 3905 itaque
2724 3805 3036 3879 Priolum

785 3949 912 4021 per
964 3927 1347 4021 epistolam,
1377 3929 1562 4023 quod
1593 3930 1801 4002 rebus
1835 3954 1987 4003 sese
2021 3932 2521 4023 subjunxisset,
2549 3932 2760 4003 laude
2781 3952 3030 4001 cumu-

785 4051 1012 4123 lavit:
1071 4075 1108 4121 ‹<
1161 4052 1355 4122 Vous
1402 4076 1570 4125 avez
1628 4057 1771 4127 tres
1837 4057 1996 4127 bien
2058 4055 2185 4128 fait
2255 4058 2341 4128 de
2396 4055 2605 4129 ceder
2670 4057 2712 4129 3
2769 4055 3034 4148 l’orage

785 4184 855 4248 et
903 4176 988 4246 de
1048 4175 1434 4268 suspendre'
1494 4202 1668 4272 pour
1747 4180 2046 4276 quelque
2108 4190 2334 4275 temps
2398 4163 2876 4277 l’impression
2949 4180 3034 4253 de

846 4471 867 4508 ¹
900 4474 1045 4525 Lett.
1074 4476 1240 4539 inea„
1269 4491 1384 4527 xiv.
1414 4493 1466 4541 p.
1492 4476 1556 4527 22
1580 4483 1632 4528 et
1652 4478 1732 4529 23.

843 4550 868 4587 ⁸
901 4554 1070 4614 Ibid„
1103 4570 1199 4616 xv,
1221 4572 1272 4621 p.
1295 4556 1375 4618 23,
1409 4557 1476 4607 du
1504 4559 1534 4607 3
1556 4558 1728 4623 juillet
1753 4559 1898 4609 1662·

841 4632 865 4667 ³
897 4633 1068 4695 Ibid„
1103 4650 1221 4696 xv1,
1243 4651 1296 4701 p.
1323 4637 1404 4698 25,
1429 4637 1499 4688 du
1539 4637 1598 4688 10
1620 4637 1795 4703 juillet
1824 4637 1967 4691 1662.

843 4711 867 4748 4
899 4713 1072 4776 Ibid„
1091 4729 1229 4775 xvn,
1255 4731 1306 4781 p.
1331 4716 1412 4778 25,
1445 4717 1524 4782 26,
1559 4717 1629 4768 du
1655 4719 1717 4770 20
1738 4718 1855 4784 juin
1891 4720 2031 4772 1662.
