3507 5683
1257 707 1444 757 vl'rA
1481 705 1579 755 ET
1613 692 1985 756 SCRIPTIS
2260 747 2269 755 .
2681 706 2741 757 31

506 860 895 924 excesserat
926 875 964 922 e
998 850 1282 923 castello
1312 824 1722 924 Rohannius
1759 849 1899 921 dux
1951 849 2368 946 Curiamque
2415 852 2736 946 petierat.

504 974 780 1047 Priolus
841 977 911 1047 in
975 976 1203 1048 aulam
1260 977 1595 1048 remissus
1634 973 1792 1063 fuit,
1839 987 1913 1047 ut
1951 997 2037 1046 ex
2070 975 2323 1047 litteris
2388 976 2744 1050 Rohannii

503 1107 693 1194 patet
727 1127 742 1172 ε
803 1126 841 1172 ε(
868 1104 912 1174 J
916 1126 953 1174 e
1003 1102 1309 1197 depeche
1340 1101 1615 1173 demain
1649 1102 1716 1173 le
1752 1101 1941 1173 sieur
1970 1102 2058 1172 de
2090 1101 2417 1173 Prioleau
2454 1125 2541 1174 en
2574 1125 2742 1175 cour

501 1250 675 1321 pour
701 1229 970 1301 avertir
1001 1228 1070 1300 le
1101 1228 1204 1300 roi
1238 1227 1330 1299 du
1365 1250 1662 1322 passage
1699 1228 1785 1299 de
1814 1250 1926 1299 ses
1963 1236 2245 1321 troupes
2276 1227 2412 1299 afin
2458 1251 2590 1322 que
2621 1251 2742 1301 sur

501 1352 567 1424 la
610 1350 945 1425 frontiere
986 1353 1072 1425 de
1123 1355 1192 1425 la
1231 1353 1504 1425 France
1559 1375 1733 1442 nous
1781 1353 2139 1426 trouvions
2177 1376 2323 1425 <une
2361 1361 2636 1426 mentre
2674 1363 2742 1427 et

501 1477 605 1548 les
651 1477 895 1549 ordres
956 1478 1042 1549 de
1101 1500 1179 1549 sa
1233 1457 1540 1571 Majeste⁴
1596 1478 1683 1549 de
1734 1502 1814 1549 ce
1869 1475 2076 1572 qu'on
2142 1500 2314 1549 aura
2368 1477 2409 1548 a
2463 1477 2643 1549 faire
2696 1476 2739 1549 a

499 1600 867 1675 l’avenir1.
901 1628 937 1673 >³
991 1602 1486 1675 Guebriantius
1532 1604 1879 1674 exercitus
1922 1601 2292 1697 imperium
2313 1601 2769 1673 duodevice--

500 1728 674 1800 simo
695 1729 806 1801 die
820 1729 995 1821 junii
1017 1729 1278 1800 mensis
1317 1729 1508 1802 1637
1541 1728 1615 1799 in
1636 1728 1894 1801 finibus
1914 1727 2348 1821 Burgundiae
2373 1728 2736 1800 comitatus

498 1851 757 1946 recepit
792 1877 807 1923 ε
874 1876 1006 1948 quo
1068 1852 1279 1944 facte,
1372 1855 1794 1951 Rohannius
1853 1877 2009 1925 cum
2066 1851 2305 1925 Priolo
2372 1852 2734 1925 Genevam

497 1978 875 2050 concessit:
959 2003 1182 2075 neque
1255 1980 1551 2074 amplius
1633 1980 1855 2052 voluit
1922 1979 1996 2051 in
2065 1978 2366 2051 Galliam
2444 1978 2727 2061 reverti,

494 2101 765 2176 diffisus
796 2105 1144 2196 Richelio‚
1191 2107 1338 2178 sive
1378 2108 1463 2178 ob
1494 2129 1609 2177 res
1655 2129 1813 2202 quae
1851 2113 2073 2199 gestae
2112 2105 2391 2177 fuerant
2435 2105 2511 2175 in
2552 2101 2736 2175 valle

496 2227 798 2320 Tellina,
835 2232 982 2303 sive
1012 2232 1220 2303 aliam
1257 2232 1344 2303 ob
1383 2254 1686 2304 causam.
1727 2230 2172 2306 Contendunt
2201 2231 2384 2302 enim
2414 2229 2735 2302 nonnulli

494 2353 893 2427 Richelium
942 2364 1215 2450 optasse
1271 2356 1401 2428 hoc
1462 2364 1773 2451 tempore
1827 2366 1904 2430 ut
1960 2380 2206 2450 nepos
2236 2356 2460 2451 ipsius
2519 2355 2735 2427 filiam

493 2478 856 2551 Rohannii
893 2480 966 2550 in
1004 2482 1525 2554 matrimonium
1568 2483 1885 2555 duceret:
1929 2482 2111 2576 quod
2157 2481 2295 2554 alte
2332 2491 2399 2552 et
2435 2480 2733 2575 superbe

492 2615 824 2699 negatum
852 2629 894 2679 a
916 2607 1088 2680 duce
1122 2609 1500 2703 perniciem
1536 2610 1687 2703 ejus
1724 2632 1961 2681 secum
2003 2610 2181 2681 tulit.
2207 2608 2508 2682 Additur
2528 2608 2731 2679 etiam

492 2731 811 2804 Priolum
842 2732 1063 2805 fuisse
1095 2735 1345 2806 harum
1379 2735 1783 2830 nuptiarum
1811 2735 2161 2808 infelicem
2194 2735 2723 2828 negotiatorem.

490 2858 670 2943 Quid
736 2869 971 2931 autem
1027 2860 1337 2934 Genevae
1391 2862 1530 2934 dux
1576 2861 1829 2955 egerit,
1899 2862 2217 2935 dubium:
2283 2861 2538 2956 dicitur
2591 2862 2730 2934 dux

487 2984 963 3080 Hispanorum
988 2985 1179 3086 illius
1207 2987 1579 3059 amicitiam
1610 2987 2133 3059 accuratissime
2177 2987 2652 3082 disquisivisse
2669 2992 2721 3060 ².

489 3108 564 3179 Si
614 3108 892 3203 quidem
931 3110 1207 3181 Rhodio
1232 3112 1562 3202 creditur,
1607 3111 1716 3183 bis
1786 3112 1982 3184 ducis
2043 3111 2393 3185 Rohannii
2448 3110 2725 3182 nomine

485 3234 984 3329 Hispaniarum
1045 3258 1287 3329 regem
1342 3237 1738 3332 Philippum
1796 3247 2113 3333 quartum
2182 3237 2466 3309 Priolus
2520 3236 2716 3327 adiit,

487 3383 624 3431 non
667 3360 849 3433 levia
884 3369 1334 3451 tractaturus,
1369 3363 1628 3436 scilicet
1672 3373 1746 3435 ut
1787 3362 2068 3436 ibericis
2113 3362 2451 3457 suppetiis
2503 3359 2721 3432 ditio-

386 3477 397 3487 ’
485 3509 645 3558 nem
676 3487 774 3557 cis
805 3488 1189 3583 Pyrenaeos
1221 3496 1490 3560 montes
1513 3490 1701 3582 juris
1755 3488 1863 3559 sui
1903 3486 2194 3572 faceret,
2223 3494 2493 3558 asserta
2540 3485 2718 3557 reli-

481 3612 690 3704 gione
755 3612 1090 3685 catholica
1133 3607 1289 3708 quae
1342 3613 1505 3685 inde
1552 3613 1640 3685 ad
1700 3613 1897 3685 illam
1949 3613 2131 3685 diem
2192 3611 2636 3683 exsulaverat
2653 3609 2703 3685 ³.

483 3738 679 3822 Quod
732 3738 1013 3836 quidem
1051 3738 1331 3810 minime
1373 3729 1795 3812 verisimile:
1843 3749 2114 3810 certum
2151 3745 2386 3830 tamen
2415 3736 2714 3809 Rohan-

481 3862 673 3933 nium
698 3863 1163 3958 nequidquam
1193 3885 1235 3935 a
1264 3886 1434 3956 rege
1463 3864 1799 3936 Venetias
1854 3864 2178 3937 secedere
2213 3886 2368 3934 esse
2397 3862 2707 3955 jussum,

481 3997 550 4059 et
578 3986 892 4059 Priolum
938 4011 1019 4059 eo
1057 4011 1098 4060 a
1136 3998 1432 4082 patrono
1480 3987 1853 4061 adductum
1884 3987 2105 4060 fuisse
2152 3996 2253 4077 ut,
2297 3986 2471 4057 duce
2501 3986 2712 4057 etiam

480 4110 626 4181 vita
656 4109 985 4183 defuncto
1008 4111 1289 4206 (1638),
1325 4113 1398 4183 in
1427 4112 1727 4185 Galliam
1785 4112 2110 4208 quamdiu
2129 4110 2484 4183 Richelius
2507 4111 2707 4207 vixit,

482 4235 738 4307 reverti
795 4235 1124 4306 noluerit.
1207 4237 1394 4317 Obiit
1462 4247 1696 4309 autem
1730 4237 1872 4308 dux
1909 4236 2332 4309 Rohannius
2376 4214 2562 4308 anno
2592 4260 2712 4309 se-

479 4367 767 4453 quente,
785 4360 858 4430 in
888 4360 1131 4459 praelio
1163 4360 1504 4433 adversus
1537 4362 1858 4436 Austros,
1889 4363 2068 4446 Quid
2104 4359 2370 4435 faceret
2400 4360 2702 4452 PrioluS‚

539 4605 563 4643 ¹
595 4605 901 4667 Zurlauben‚
927 4614 965 4661 t.
1002 4610 1092 4670 111,
1128 4626 1178 4676 p.
1214 4611 1326 4672 411,
1350 4612 1460 4661 413.

533 4685 558 4721 2
594 4684 742 4736 Hist.
773 4685 841 4734 de
874 4688 946 4737 H.
972 4690 1082 4737 duo
1111 4688 1177 4737 de
1203 4689 1423 4753 Rotam,
1455 4704 1550 4753 par
1580 4690 1642 4739 F.
1670 4690 1746 4751 C.‚
1767 4706 1816 4754 p.
1850 4690 1962 4741 216.

536 4764 560 4799 3
592 4763 848 4825 Rhodius,
885 4779 934 4829 p.
966 4765 1014 4815 2.
