3507 5683
764 649 823 698 14
1426 649 1528 698 DE
1559 648 2013 699 Bfss-NJAMINl
2047 647 2327 699 PRIOLI

758 790 1042 859 vere-ex
1071 787 1573 881 *stirpe-Italica
1601 780 1792 858 orta.
1827 785 2030 871 Quod
2071 786 2355 880 quidem
2381 787 2683 861 diversis
2719 787 2811 858 in:
2833 787 3002 857 locis

757 936 1039 1007 operum
1083 918 1203 984 aut
1225 912 1672 1007 epistolarum
1709 910 1990 982 Priolus
2021 913 2293 982 summa
2314 911 2383 981 vi
2404 910 2810 1001 affirmavit,
2847 932 3002 983 sese

755 1040 1055 1135 equitem
1079 1038 1428 1111 Venetum
1448 1037 1842 1131 praedicans
1887 1060 1902 1106 ε
1951 1044 2162 1117 testes
2202 1044 2389 1127 sunt,
2417 1048 2495 1109 ut
2515 1060 2653 1108 uno
2683 1035 2999 1130 exemplo

753 1136 936 1252 utar,
996 1164 1251 1235 litterae
1284 1161 1606 1258 quaedam
1629 1161 1720 1233 ad
1748 1161 2150 1235 Colbertum
2189 1158 2425 1233 missae
2466 1161 2712 1257 quibus
2736 1162 2984 1256 depre-

750 1288 1040 1360 cabatur
1076 1297 1153 1360 ut
1181 1287 1687 1359 nobilissimam
1725 1285 2068 1359 familiam
2102 1311 2139 1358 e
2175 1286 2549 1381 naufragio
2603 1287 2915 1382 eriperet
2939 1284 2993 1362 ¹.

749 1413 999 1487 Testes
1035 1433 1577 1509 quoqueversus
1616 1435 1792 1508 quos
1818 1413 1904 1483 de
1946 1437 2022 1485 se
2056 1422 2499 1493 exaraverat,
2537 1422 2682 1484 uta
2711 1412 2990 1484 Rhodio

747 1533 1194 1633 accepimus2
1229 1564 1244 1608 ε
2942 1514 2947 1519 .

1100 1679 1364 1734 Priolides
1390 1680 1468 1733 sic
1498 1696 1595 1734 ora
1614 1679 1762 1734 tulit:
1788 1697 1911 1749 quae
1930 1680 2080 1735 clara
2100 1687 2385 1750 parentum

1212 1768 1449 1824 Fortuna
1476 1770 1794 1836 abstulerat,
1826 1769 2056 1823 reddidit
2075 1771 2189 1839 ipse
2211 1771 2332 1823 sibi.

802 1978 808 1982 -
839 1925 1166 2009 Minimae
1204 1934 1435 1996 autem
1466 1924 1907 1996 auctoritatis
1962 1924 2243 1996 Priolus
2282 1934 2415 2012 est,
2467 1924 2742 2019 quando
2791 1923 2880 1995 de
2911 1947 2990 1996 se

740 2052 885 2146 ipse
947 2049 1261 2145 loquitur
1322 2077 1339 2122 ε
1434 2059 1587 2122 erat
1649 2051 1839 2120 enim
1912 2049 2223 2121 maxima
2292 2049 2619 2144 superbia
2679 2059 2983 2137 tumenS,

738 2199 964 2271 neque
1019 2176 1135 2270 qui
1188 2198 1231 2246 a
1268 2173 1653 2246 mendacio
1704 2164 1818 2245 vel
1872 2174 2472 2269 impudentissimo
2536 2173 2977 2246 abhorreret.

736 2301 1238 2395 Nequaquam,
1309 2297 1573 2394 fateors,
1647 2299 1819 2399 mihi
1887 2293 2116 2392 'placet
2183 2298 2333 2370 haec
2402 2297 2643 2371 fabula
2724 2298 2981 2370 Veneti

727 2427 1017 2522 juvenis
1043 2425 1340 2520 patriam
1375 2424 1766 2496 deserentis
1797 2436 1865 2497 et
1892 2447 2017 2519 per
2049 2424 2339 2495 nimium
2378 2425 2625 2519 puellae
2667 2428 2978 2496 amorem

736 2550 1207 2646 essplendore
1275 2550 1569 2622 Venetae
1636 2548 2020 2621 nobilitatis
2088 2551 2159 2620 in
2226 2548 2685 2622 humillimam
2746 2550 2984 2622 nescio

734 2678 930 2772 cujus
954 2676 1216 2748 nobilis
1248 2674 1710 2746 Santonensis
1738 2674 2201 2746 conditionem
2234 2674 2642 2747 relabentis.
2674 2675 2768 2746 At
2800 2675 2989 2769 en'im

734 2802 812 2874 fit
855 2816 1061 2897 'saepe
1118 2811 1196 2873 ut
1263 2800 1550 2896 propius
1627 2798 1888 2871 fabulae
1942 2822 2148 2896 quam
2212 2799 2530 2873 veritatis
2593 2801 2824 2897 specie
2894 2803 2988 2874 sit

735 2932 1026 2999 verum!
1085 2925 1511 2999 Conceditur
1554 2920 1586 2995 ε’
1636 2926 2028 2997 mirandum
2098 2936 2334 2998 tamen
2393 2938 2498 2998 est
2555 2927 2739 3023 quod
2791 2952 2977 3002 nus-

733 3076 936 3149 quam
992 3076 1249 3125 nomen
1320 3054 1560 3125 uxoris
1623 3075 1836 3147 quam
1905 3053 2040 3124 sibi
2108 3053 2455 3125 Antonius
2524 3055 2802 3126 Priolus
2857 3056 2980 3128 ad-

722 3179 1043 3272 junxisse
1058 3178 1339 3267 dicitur,
1358 3179 1505 3248 sive
1522 3178 1595 3247 in
1616 3178 1836 3249 Prioli
1856 3178 2167 3272 scriptis,
2189 3179 2337 3250 sive
2354 3178 2528 3250 alias
2551 3180 2970 3273 reperiatur.

731 3303 986 3376 Scribit
1015 3304 1225 3375 etiam
1241 3303 1316 3373 in
1336 3295 1629 3375 historia
1648 3303 1927 3374 Priolus
1946 3312 2186 3375 noster
2218 3302 2303 3375 de
2319 3303 2739 3375 Santonensi
2754 3327 2930 3398 agro
2957 3330 2972 3376 ε

735 3455 771 3501 <‹
811 3428 984 3501 Haec
1005 3438 1199 3501 terra
1230 3427 1399 3499 mihi
1418 3428 1639 3500 atavis
1659 3429 1979 3519 VenetiS‚
2017 3429 2241 3524 iisque
2276 3428 2698 3521 illustribuS,
2733 3430 2974 3502 nescio

731 3578 870 3649 quo
915 3579 1118 3643 casu,
1156 3553 1465 3648 primum
1488 3548 1699 3624 tacta3
1737 3580 1805 3624 .»
1848 3554 2145 3625 Minime
2174 3553 2491 3647 intelligo
2523 3554 2676 3626 haec
2714 3556 2975 3627 verba:

735 3681 1033 3753 «nescio
1061 3704 1200 3774 quo
1227 3701 1457 3760 casu»
1493 3679 1550 3749 si
1586 3678 1863 3773 quidem
1903 3679 2057 3771 ejus
2088 3680 2372 3771 proavia
2414 3701 2499 3749 ex
2529 3678 2662 3750 hac
2691 3681 2982 3773 regione

792 3908 812 3943 1
842 3907 1003 3955 Lettr.
1026 3906 1163 3957 ined.
1185 3905 1339 3960 deB.
1363 3903 1559 3954 Priolo.
1590 3921 1614 3951 «
1651 3904 1791 3953 Vous
1811 3905 2000 3968 pouves
2029 3919 2216 3953 sauver
2239 3919 2341 3953 une
2368 3907 2470 3953 tres
2493 3903 2644 3953 noble
2668 3904 2861 3953 famille
2897 3907 2969 3957 du

730 3984 992 4048 nansi-age,
1025 3990 1075 4033 et
1099 3984 1227 4033 faire
1245 4000 1344 4033 une
1377 3998 1551 4032 oeuvre
1593 3983 1857 4033 meritoire
1890 3997 2071 4031 envers
2111 3984 2244 4032 Dieu
2279 3997 2342 4031 en
2378 3998 2460 4031 me
2494 3988 2772 4047 procurant
2816 3984 2972 4034 d'une

729 4068 877 4129 sacon
904 4080 969 4114 ou
1010 4064 1205 4114 d'autre
1246 4065 1322 4114 les
1352 4079 1565 4127 moyens
1599 4061 1661 4113 de
1688 4079 1770 4113 me
1811 4064 2058 4124 soutenir,
2096 4079 2160 4113 ne
2200 4069 2425 4127 pouvant
2460 4064 2573 4128 plus
2620 4063 2870 4114 subsistet*
2907 4066 2975 4115 du

729 4150 838 4194 tout
861 4145 904 4194 si
938 4161 1063 4195 vous
1092 4144 1511 4203 m'abandonnes‚
1556 4163 1579 4191 »
1613 4146 1676 4205 ΙΙ,
1714 4160 1769 4209 p.
1798 4146 1847 4192 4.

789 4226 813 4263 ²
844 4226 1108 4284 Rhodiam,
1137 4227 1206 4275 in
1236 4226 1368 4273 vitae
1403 4226 1585 4276 Prioli
1623 4225 2061 4288 epiyrammate.
2102 4223 2179 4273 Cf.
2213 4224 2351 4288 apud
2394 4224 2652 4286 Baylium.
2690 4240 2716 4271 α
2745 4224 2976 4274 Prioloa

727 4306 937 4369 mal-que
958 4304 1007 4353 le
1039 4321 1158 4354 nom
1193 4304 1256 4353 de
1299 4320 1390 4353 son
1422 4306 1542 4369 pere
1571 4319 1636 4353 au
1672 4305 1768 4353 bas
1797 4304 1859 4353 de
1890 4303 1941 4352 la
1970 4304 2294 4354 taine-donce
2326 4304 2448 4369 qu'il
2491 4306 2549 4353 fit
2584 4320 2771 4368 graver
2795 4322 2891 4372 par
2933 4308 2979 4359 le

726 4383 921 4434 celebre
951 4382 1102 4431 Pitau
1129 4389 1180 4431 et
1208 4382 1295 4445 qui
1327 4381 1403 4431 fut
1439 4383 1569 4431 mise
1600 4398 1664 4431 au
1693 4382 1882 4431 devant
1917 4383 1980 4431 de
2020 4393 2112 4432 'son
2156 4383 2370 4432 histoire
2401 4383 2465 4431 de
2490 4383 2708 4437 France.
2767 4384 2841 4433 La
2868 4401 2980 4436 sus-

728 4463 946 4528 cription
980 4467 1126 4526 porte
1154 4477 1165 4511 :
1198 4479 1226 4507 «
1251 4461 1579 4526 Benjaminus
1596 4462 1807 4512 Priolus
1830 4462 2004 4513 Santo.
2029 4462 2221 4513 «Iuliani
2253 4464 2314 4513 F.
2347 4478 2500 4527 eques
2526 4463 2771 4526 venetus,
2807 4481 2980 4515 rerum

727 4544 1028 4611 gallicarum
1052 4544 1272 4608 scriptor
1300 4544 1711 4593 florentissimum
1728 4563 1753 4591 ι)
1779 4543 1946 4593 Editio
1968 4559 2071 4607 qua
2101 4546 2153 4593 in
2181 4545 2276 4593 hoc
2301 4545 2474 4595 libello
2497 4546 2581 4593 usi
2603 4560 2777 4595 sumus
2805 4546 2979 4610 (Caro-

728 4624 903 4689 lopoli,
943 4623 1088 4684 1665)
1117 4623 1213 4671 hac
1238 4622 1409 4686 effigie
1436 4627 1594 4677 caret.

793 4704 816 4739 3
842 4701 1066 4761 Priolu5‚
1107 4701 1192 4761 VI,
1225 4717 1275 4766 p.
1299 4701 1379 4751 68.
1618 4698 1624 4704 ’
