3507 5683
798 655 890 706 126
1467 651 2045 705 DEBENJAMINI
2081 654 2361 708 PRIOLI

896 791 1004 864 Ab
1033 791 1372 863 Horatio:

896 941 935 987 «
964 918 1237 992 Parcus
1265 915 1557 989 deorum
1580 916 1814 989 cultor
1835 915 1885 989 ¹.
1930 943 1967 988 »

897 1066 934 1113 «
967 1042 1293 1114 Cinerem
1317 1043 1577 1135 passim
1615 1065 1954 1138 spargere
1984 1044 2294 1117 dolosum
2322 1042 2375 1116 ².
2411 1070 2446 1113 »

896 1191 935 1237 «
973 1166 1289 1240 Prosiliit
1312 1191 1494 1239 unus
1529 1170 1939 1241 cerebrosus
1958 1168 2008 1240 ³.
2043 1195 2076 1236 »

794 1293 1159 1389 Multaque
1178 1294 1316 1366 alia
1344 1318 1502 1391 quae
1533 1318 1721 1367 nunc
1764 1294 2094 1369 evolvere
2122 1296 2437 1391 longius.
2474 1297 2742 1383 Quibus
2771 1297 3043 1370 artibus

794 1419 870 1489 in
898 1417 1266 1491 scribendo
1330 1442 1498 1492 usus
1550 1419 1638 1492 sit
1681 1420 1962 1493 Priolus
2027 1420 2221 1494 hisce
2267 1423 2606 1517 exemplis
2654 1423 2805 1517 jam
2873 1423 3042 1495 satis

797 1568 1138 1642 superque
1185 1545 1652 1618 indicavimus
1693 1571 1709 1617 ε
1784 1569 1963 1643 quas
2015 1549 2302 1621 minime
2356 1548 2506 1643 ipse
2562 1557 2667 1621 est
2714 1548 2790 1619 in
2827 1571 3044 1640 argu-

798 1680 1031 1744 mento
1062 1670 1151 1743 ad
1171 1671 1498 1746 lectorem
1525 1671 1888 1761 infitiatuS,
1932 1673 2192 1746 dixisse
2220 1684 2587 1747 contentus
2637 1698 2653 1745 ι
2687 1697 2722 1738 α
2745 1673 2883 1746 Sed
2911 1674 3044 1746 hoc

798 1796 1220 1869 concedatur
1247 1798 1507 1889 ignavo
1539 1796 1745 1870 livori
1773 1800 1847 1869 in
1877 1798 2008 1870 hoc
2027 1822 2236 1893 opere
2264 1800 2479 1889 furta,
2501 1808 2833 1873 centones
2854 1823 3037 1888 esse,

798 1933 873 1994 ut
911 1923 1166 1997 debent
1200 1944 1354 1994 esse
1378 1922 1455 1992 in
1497 1921 1717 1995 desita
1757 1922 2040 2015 lingua;
2096 1924 2221 1997 sed
2262 1933 2536 1998 tentent
2566 1925 2665 1996 illi
2697 1924 3041 2019 ejusmodi

799 2057 1153 2127 centones,
1187 2070 1445 2141 magno
1459 2047 1770 2141 Virgilio
1799 2072 1841 2120 a
1880 2048 2215 2122 Faustino
2242 2071 2489 2122 scurra
2523 2046 3044 2145 exprobatos⁴.»

800 2173 973 2245 Esto
1006 2194 1022 2248 ε
1058 2175 1413 2245 mittamus
1440 2195 1708 2266 pannos
1750 2197 1923 2269 quos
1970 2173 2086 2245 hic
2123 2183 2192 2246 et
2210 2172 2358 2245 illic
2401 2174 2670 2266 majore
2710 2172 3044 2245 memoria

801 2320 1009 2392 quam
1065 2305 1216 2372 arte
1263 2298 1545 2369 Priolus
1611 2320 1750 2370 una
1799 2321 2142 2371 consuere
2197 2320 2580 2392 aggressus
2631 2308 2760 2370 est.
2817 2299 3046 2383 Quam

802 2422 1018 2495 multa
1042 2432 1272 2496 tamen
1293 2424 1367 2493 in
1391 2446 1472 2495 eo
1498 2422 1962 2496 desideranda
1994 2424 2197 2496 sunt!
2238 2424 2431 2495 Licet
2471 2423 2825 2495 concisum
2860 2423 3049 2494 scri-

802 2548 1014 2618 bendi
1039 2570 1263 2641 genus
1291 2549 1407 2620 hic
1436 2556 1504 2620 et
1538 2548 1681 2620 illic
1700 2548 2075 2641 affectarit,
2129 2548 2571 2643 potissimum
2614 2549 2690 2620 in
2738 2548 3050 2643 prolixas

800 2672 1183 2745 sententias
1200 2673 1745 2770 quotiescunque
1774 2674 2045 2746 occasio
2076 2672 2549 2768 praebebatur,
2580 2682 2650 2745 et
2678 2672 3049 2768 sesquipe-
3089 2735 3102 2750 .

799 2799 981 2872 dalia
1007 2798 1225 2871 verba
1256 2797 1746 2887 relabebatur;
1779 2807 2017 2895 utpote
2050 2800 2188 2895 qui,
2233 2806 2308 2871 ut
2336 2822 2422 2871 ex
2464 2796 2737 2870 Rhodio
2780 2797 3052 2892 accepi-

803 2948 982 3019 muS,
1010 2924 1333 2997 Ciceroni
1392 2925 1762 3013 Senecam,
1834 2925 2141 3019 Virgilio
2205 2925 2566 2997 Lucanum
2622 2933 2692 2995 et
2753 2923 3052 2994 Horatio

803 3051 1158 3126 Catullum
1198 3060 1660 3145 anteponeret
1684 3049 1736 3123 ⁵.
1783 3054 1966 3146 Ipse,
1993 3054 2068 3122 in
2095 3057 2509 3144 argumento
2534 3047 2627 3120 ad
2676 3048 3041 3138 lectorem,

800 3186 1137 3276 quantum
1167 3177 1511 3249 sermonis
1563 3176 2083 3272 simplicitatem
2132 3183 2201 3247 et
2231 3172 2608 3268 puritatem
2650 3172 3052 3245 detestare-

804 3315 921 3376 tur
971 3302 1323 3375 luculente
1378 3300 1790 3389 declaravit,
1834 3299 2181 3393 singulari
2238 3297 2760 3393 comparatione
2814 3319 2983 3368 usus
3032 3320 3048 3364 :

808 3456 844 3500 «
889 3431 1142 3518 Quam,
1212 3428 1466 3523 inquit,
1528 3427 1855 3522 explosus
1920 3426 2038 3521 qui
2100 3424 2288 3521 apud
2349 3420 2915 3497 Lacedaemonios
2976 3421 3053 3491 in

806 3554 1075 3650 sponda
1140 3554 1476 3648 cujusque
1538 3552 1700 3623 lecti
1765 3548 2211 3623 connubialis
2283 3547 2737 3620 simulacrum
2801 3545 3055 3639 apponi

808 3679 1114 3768 volebat,
1150 3701 1280 3775 quo
1315 3676 1689 3771 perfectius
1734 3676 1913 3746 nihil
1972 3684 2209 3771 posset
2264 3672 2507 3767 aspici,
2542 3679 2618 3743 ut
2638 3669 3056 3742 maritarum

808 3803 1029 3875 menti
1076 3802 1417 3875 insideret
1452 3801 1722 3896 species
1758 3798 2309 3894 pulchritudinis
2347 3797 2629 3884 eximia,
2673 3817 2885 3891 quam
2935 3794 3052 3864 in-

809 3937 1076 3999 tuentes
1113 3927 1186 3998 in
1242 3949 1463 4022 eaque
1522 3926 1772 3997 defixae
1840 3925 1931 3997 ad
1983 3925 2172 3996 illius
2237 3922 2763 3994 similitudinem
2822 3926 3055 3992 artem

807 4051 1200 4145 dirigerent
1219 4049 1674 4146 concipiendi.
1706 4050 2019 4123 Prosiliit
2039 4072 2218 4121 unus
2254 4046 2692 4119 cerebrosus:
2726 4069 2763 4114 c<
2790 4043 3049 4135 Simos,

875 4388 889 4421 ¹
920 4383 1145 4442 Primus,
1171 4386 1238 4443 11,
1263 4401 1315 4449 p.
1340 4385 1416 4437 13.

869 4466 893 4501 ²
928 4465 1023 4525 Id„
1045 4466 1110 4529 11,
1140 4480 1188 4530 p.
1221 4464 1300 4514 60.

870 4547 894 4582 3
929 4546 1024 4604 Id.‚
1061 4546 1150 4603 111,
1175 4560 1225 4610 p.
1256 4543 1334 4594 21.

872 4627 896 4662 ⁴
929 4625 1025 4685 Id.,
1058 4626 1237 4675 lectori
1276 4626 1483 4690 passim.
1504 4664 1517 4673 .

875 4710 899 4745 ⁵
930 4709 1182 4772 Rhodiae,
1215 4723 1264 4773 p.
1285 4710 1315 4757 4
1348 4714 1397 4756 et
1424 4709 1471 4757 5.
1540 4720 1543 4723 ·
