3507 5683
1204 696 1394 747 VITA
1431 695 1528 746 ΕΤ
1562 694 1929 746 SCRIPTIS
2605 691 2711 745 129

457 833 862 930 profecerit,
895 833 1060 906 licet
1095 834 1164 903 in
1199 833 1532 906 breviarii
1555 836 1785 928 potius
1816 857 2019 928 quam
2060 835 2370 906 historiae
2425 833 2706 906 modum

422 1039 427 1046 ‚
458 960 815 1054 scriptam,
843 957 1409 1053 multimodisque
1436 958 1654 1047 vitiis,
1674 959 1858 1053 stylo
1889 959 2246 1053 inaequali,
2267 982 2455 1031 nunc
2493 959 2709 1032 effuso

461 1109 644 1158 nunc
690 1086 957 1176 stricte,
997 1085 1502 1186 sententiisque
1532 1084 1921 1156 inconsulto
1936 1096 2003 1158 et
2023 1086 2375 1180 jactanter
2412 1109 2710 1181 expres-

460 1213 559 1284 sis
604 1207 1098 1308 vocabulisque
1146 1210 1557 1307 plerumque
1615 1211 1914 1306 impuris
1967 1220 2380 1285 scatentem.
2459 1213 2709 1285 Docuit

459 1337 647 1409 euim
673 1337 966 1409 fideliter
997 1346 1066 1408 et
1092 1335 1443 1409 luculente
1483 1360 1640 1431 quae
1670 1335 1820 1409 fere
1842 1337 2030 1409 solus
2061 1361 2146 1410 ex
2175 1337 2513 1409 Mazarini
2544 1361 2709 1409 con-

462 1462 634 1534 siliis
667 1470 819 1560 aut·
843 1460 1210 1534 audiverat
1255 1470 1379 1534 aut
1418 1471 1855 1557 perceperat,
1915 1486 2056 1534 non
2123 1463 2273 1534 sine
2321 1462 2708 1535 subtilitate

463 1588 760 1683 quadam
796 1585 1111 1659 diversos
1148 1585 1421 1658 Fundae
1455 1596 1686 1659 motus
1730 1596 1801 1659 et
1844 1587 2299 1659 arcanissima
2330 1586 2709 1660 cardinalis

463 1713 815 1808 proposita
888 1712 1417 1806 interpretatus.
1521 1712 1761 1807 Itaque
1818 1734 2069 1784 censeo
2131 1735 2288 1785 eum
2327 1711 2465 1784 nisi
2523 1711 2707 1783 inter

462 1838 783 1933 optimOS,
843 1837 1119 1927 saltem,
1192 1838 1373 1933 quod
1421 1838 1577 1933 jam
1635 1837 1879 1931 magni
1929 1838 2443 1929 aestimandum,
2519 1838 2708 1910 inter

461 1962 682 2034 bonos
717 1971 784 2035 et
816 1983 1105 2034 veraces
1134 1960 1346 2056 hujus
1374 1961 1606 2033 aetatis
1636 1961 2299 2034 commentariorum
2331 1963 2707 2058 scriptores

457 2088 620 2182 jure
640 2086 1201 2159 adscribendum.
1244 2086 1481 2158 Priolo
1509 2094 1779 2178 nostro,
1815 2087 2058 2183 primis
2089 2109 2264 2181 quas
2305 2088 2435 2159 sibi
2471 2088 2710 2181 impu—

465 2212 713 2286 denter
759 2211 1156 2284 vindicabat
1214 2211 1564 2293 destituto,
1640 2211 1984 2284 secundas
2042 2212 2155 2283 vel
2222 2213 2431 2284 etiam
2467 2212 2708 2284 tertias

465 2346 705 2434 partes
735 2346 977 2411 tenere
1007 2339 1097 2410 sit
1139 2338 1352 2409 satis!

1108 2992 1226 3031 vml
1256 2992 1327 3030 Ac
1353 2991 1600 3031 PBRLEGI
1623 2992 1638 3030 :

468 3073 682 3123 Lutetiae
702 3071 1042 3133 Parisiorum,
1065 3074 1116 3122 in
1139 3074 1389 3131 Sorbona‚
1410 3073 1573 3138 pridie
1595 3072 1716 3123 Idus
1741 3072 1968 3123 februar.
1991 3088 2112 3124 ann.
2134 3087 2540 3135 uncchxxxm,

626 3163 918 3206 Fanum-uis
946 3164 1260 3206 Lxr’rssnmuu
1295 3175 1344 3207 m
1372 3166 1618 3206 Acaunum
1653 3164 1926 3206 Pnusmxst
1960 3162 2198 3215 Dmmcs,

1180 3247 1249 3298 A.
1292 3242 1586 3298 HIMLY.

1954 3384 2110 3425 TYPIS
2139 3385 2451 3426 MANDETUR
2480 3386 2493 3427 Ζ

1873 3471 2136 3511 Acaunum
2175 3469 2478 3512 Puusmssis
2506 3469 2713 3521 Rem-oa,

2062 3530 2419 3606 GREARD.
