3507 5683
794 692 856 744 86
1469 693 1569 743 DE
1601 687 2053 743 BENJAMINI
2088 690 2363 740 PRIOLI

790 831 1006 903 addas
1065 831 1420 925 complura
1483 827 1825 900 vocabula
1889 836 1961 900 et
2036 828 2274 899 nescio
2347 849 2555 922 quam
2598 828 3037 922 singularem

790 956 1141 1028 scribendi
1188 955 1556 1028 formulam
1615 976 1755 1051 qua
1810 953 2127 1048 quisquis
2196 962 2441 1025 auctor
2513 952 2731 1025 veluti
2795 954 3035 1048 sigillo

790 1082 1031 1153 utitur.
1064 1082 1216 1153 Hoc
1241 1080 1419 1153 bene
1448 1079 1755 1151 suboluit
1774 1078 2384 1172 perspicacissimo
2433 1079 2734 1171 auctori,
2769 1077 2935 1152 licet
2972 1080 3033 1151 is

788 1207 1117 1300 epistolas
1143 1207 1368 1279 Prioli
1406 1230 1544 1277 non
1592 1204 1904 1277 noverit.

883 1334 1140 1406 Iisdem
1178 1355 1384 1430 porro
1411 1331 1793 1403 virtutibus
1821 1330 2014 1403 aliud
2049 1353 2250 1424 opus,
2296 1329 2493 1402 nullo
2536 1306 2813 1425 Quidem
2858 1353 3031 1404 auc-

783 1458 953 1528 toris
1015 1458 1299 1530 nomine
1360 1457 1746 1552 signatum,
1820 1456 2038 1527 Prioli
2097 1462 2361 1545 tamen,
2413 1463 2493 1527 ut
2559 1479 2691 1550 ego
2752 1458 3025 1552 opinor,

782 1583 1047 1653 calamo
1085 1590 1478 1672 exaratum,
1536 1591 1846 1654 notatur.
1891 1581 1995 1653 Eo
2059 1582 2248 1653 enim
2312 1603 2501 1652 anno
2560 1605 2693 1676 quo
2744 1581 3026 1675 Longa-

784 1708 1056 1780 villaeus
1112 1707 1255 1779 dux
1281 1709 1585 1803 primum
1649 1705 2061 1790 VincenniS,
2147 1705 2304 1778 dein
2373 1705 2450 1776 in
2507 1706 2814 1778 Havraea
2866 1729 3028 1780 arce

781 1832 1267 1923 distinebatur,
1316 1833 1452 1905 duo
1516 1832 1764 1922 libelli,
1839 1830 2033 1903 ducis
2107 1831 2183 1902 in
2248 1832 2592 1903 honorem
2659 1830 3020 1904 defensio·

782 1981 1081 2054 nemque
1111 1982 1151 2030 a
1187 1956 1657 2030 familiaribus
1697 1958 1852 2052 ejus
1883 1955 2213 2051 publicati
2246 1964 2439 2046 sunt,
2503 1978 2794 2050 quorum
2833 1957 3025 2051 prior

784 2083 1055 2153 titulum
1092 2082 1192 2154 sic
1259 2082 1475 2154 habet
1508 2108 1524 2152 ε
1560 2108 1595 2152 ε(
1633 2081 1992 2175 Apoloyie
2030 2080 2531 2176 particuliere
2565 2102 2768 2174 pour
2818 2080 2925 2152 M.
2959 2081 3024 2151 le

781 2209 925 2279 due
952 2208 1047 2279 de
1095 2208 1606 2302 Lonyueville,
1642 2206 1733 2278 oia
1757 2206 1815 2278 il
1853 2216 1957 2278 est
1989 2208 2215 2279 traite
2249 2207 2376 2277 des
2424 2205 2739 2303 services
2772 2231 2913 2301 que
2937 2229 3020 2276 sa

781 2332 1061 2405 maison
1110 2342 1179 2404 et
1205 2358 1288 2406 sa
1323 2357 1685 2429 personne
1715 2341 1841 2404 ont
1866 2332 2142 2403 rendus
2173 2336 2217 2402 ἁ
2242 2311 2506 2424 l'E'tat,
2544 2341 2708 2404 tant
2713 2355 2914 2426 pour
2945 2331 3021 2401 la

774 2482 1050 2552 querre
1084 2483 1224 2553 que
1248 2483 1449 2554 pom·
1490 2459 1565 2530 la
1593 2458 1811 2552 paim,
1864 2455 2040 2528 avec
2100 2458 2173 2529 la
2208 2463 2517 2553 reponse
2565 2481 2719 2529 aux
2763 2457 3020 2551 impu-

783 2586 1047 2657 tations
1068 2583 1589 2655 calomnieuses
1608 2585 1700 2654 de
1716 2606 1825 2653 ses
1848 2579 2198 2673 ennemiS,
2210 2603 2363 2675 par
2380 2605 2482 2652 un
2498 2580 3021 2675 yentilhomme

781 2709 1054 2781 breton.
1107 2709 1172 2780 A
1236 2708 1713 2796 Amsterdam,
1788 2705 2014 2791 1650,
2070 2730 2107 2776 »
2172 2704 2518 2800 posterior
2592 2715 2825 2779 autem
2879 2730 3015 2800 quo

778 2835 970 2929 prior
1008 2832 1408 2907 confutatur
1448 2835 1547 2906 ita
1593 2833 2008 2905 inscribitur
2049 2862 2064 2907 :
2132 2857 2171 2903 «
2205 2833 2545 2904 Desaveu
2595 2832 2698 2902 du
2777 2830 3018 2903 libelle

775 2960 1069 3032 intitule
1113 2961 1474 3055 Apoloyie
1522 2960 2025 3055 particulz'ere
2062 2960 2156 3029 de
2193 2958 2297 3029 M.
2345 2959 2414 3029 le
2468 2958 2617 3029 due
2658 2958 2752 3028 de
2806 2957 3014 3028 Lon-

767 3085 1112 3177 yueville,
1139 3109 1295 3180 par
1323 3109 1427 3156 un
1441 3085 1963 3179 yentilhomme
1982 3083 2256 3171 breton,
2280 3083 2465 3155 1651
2489 3080 2541 3151 ¹.
2575 3106 2613 3152 «
2657 3084 3012 3168 Quantum

772 3213 847 3282 in
908 3211 1230 3283 clientela
1282 3210 1745 3304 Longavillaei
1802 3210 1923 3281 alii
1983 3210 2069 3282 ab
2107 3209 2265 3281 aliis
2322 3209 2789 3281 dissenserint
2837 3232 3011 3304 par-

770 3350 1014 3433 tesque
1095 3336 1410 3407 diversas
1474 3336 1616 3406 sint
1672 3336 1919 3426 secuti,
2007 3334 2203 3406 ducis
2295 3334 2612 3428 exemplo
2675 3332 2833 3405 fulti
2895 3336 3011 3428 qui

770 3462 906 3533 huc
970 3471 1039 3534 et
1095 3460 1261 3533 illuc
1325 3483 1449 3555 pro
1504 3468 1815 3555 tempore
1867 3459 2368 3555 abripiebatur,
2441 3481 2526 3531 ex
2583 3458 2851 3531 duobus
2895 3459 3008 3531 his

770 3586 1027 3658 libellis
1060 3585 1336 3657 abunde
1379 3582 1697 3658 constat²
1731 3611 1747 3656 ε
1791 3586 1867 3656 in
1918 3585 2057 3657 alio
2098 3586 2286 3657 enim
2325 3583 2708 3657 cardinalis
2762 3585 3009 3657 Maza-

767 3711 965 3782 riuus
1012 3711 1324 3804 maligne
1368 3710 1701 3805 carpitur,
1736 3709 1814 3780 in
1874 3710 2121 3804 primis
2176 3709 2276 3780 ob*
2310 3732 2553 3803 pacem
2593 3710 3005 3782 Monasterii

767 3837 854 3907 ab
927 3836 1259 3930 Hispanis
1321 3836 1625 3908 oblatam
1695 3844 1764 3907 et
1835 3834 2215 3907 cardinalis
2278 3835 2648 3908 voluntate
2724 3836 3003 3930 propria

763 3962 1054 4034 dilatam
1112 3987 1128 4032 ε
1213 3965 1287 4033 in
1352 3963 1574 4035 altero
1648 3969 1881 4032 autem
1944 3961 2032 4032 ab
2107 3963 2297 4032 omni
2371 3962 2668 4032 crimine
2755 3962 3004 4033 Maza—

763 4087 957 4158 rinus
997 4087 1166 4159 satis
1214 4109 1560 4184 superque
1607 4087 1890 4159 eluitur.
1949 4084 2118 4170 Quis
2187 4084 2404 4158 fuerit
2463 4094 2708 4158 auctor
2764 4087 2993 4181 operis

761 4211 1122 4307 inscripti:
1168 4236 1207 4283 «
1248 4211 1629 4307 Apoloyie,
1677 4222 1810 4284 etc.
1873 4234 1911 4281 >2
1951 4210 2235 4282 minime
2282 4210 2456 4284 latet
2492 4235 2509 4281 ε
2558 4210 2999 4283 manifestum

761 4360 1011 4435 nempe
1049 4345 1154 4411 est
1191 4335 1409 4410 fuisse
1446 4337 1854 4416 Lesoornaz·
1917 4335 2319 4433 quemdam,
2390 4335 2629 4408 domui
2708 4338 2998 4429 Longa—

819 4655 834 4690 ¹
873 4654 1002 4704 Sans
1027 4667 1148 4702 nom
1182 4652 1409 4702 d'auteur
1461 4653 1515 4700 ni
1540 4652 1818 4702 indication
1836 4651 1899 4702 de
1934 4651 2060 4702 lieu.

817 4735 840 4772 ²
873 4737 1021 4786 Retz.
1055 4733 1184 4786 Coll.
1212 4736 1399 4785 Petitot
1423 4749 1549 4792 nv,
1575 4749 1624 4798 p.
1669 4733 1749 4795 18,
1787 4733 1871 4785 20.
