3507 5683
807 644 900 695 106
1472 643 1570 692 ΒΕ
1605 643 2047 693 BENJAMINI
2083 640 2361 691 PRIOLI

801 781 1046 853 laisser
1082 779 1365 873 l’injure
1398 802 1560 852 sans
1591 804 1678 852 en
1703 780 1883 853 tirer
1906 776 2378 867 satisfaction,
2423 776 2595 848 mais
2633 784 2741 849 cet
2767 775 3042 848 homme

803 908 994 976 etant
1022 907 1211 976 aussi
1231 907 1573 1000 prostitue
1593 904 1761 1000 qu’il
1782 914 1887 976 est
1916 913 1981 975 et
2002 913 2288 974 couvert
2308 900 2620 973 d’autant
2637 897 3039 971 d’infamies

806 1052 941 1124 que
983 1028 1251 1101 chacun
1287 1030 1445 1120 sait,
1500 1029 1719 1100 Votre
1773 1028 2047 1100 Altesse
2087 1050 2174 1098 ne
2214 1024 2522 1121 pouvait,
2578 1024 2619 1095 a
2654 1046 2816 1094 mon
2859 1023 3036 1114 avis,

803 1155 953 1225 rien
995 1153 1169 1226 faire
1199 1154 1285 1226 de
1324 1154 1553 1225 mieux
1593 1176 1727 1249 que
1773 1152 1859 1223 de
1905 1152 2130 1224 croire
2188 1151 2259 1222 la
2331 1170 2737 1242 vengeance
2774 1148 2862 1219 de
2916 1169 3041 1217 son

802 1279 1019 1349 crime
1093 1277 1520 1350 au-dessous
1602 1276 1839 1365 d'elle‚
1915 1300 2047 1372 que
2107 1277 2196 1348 de
2257 1273 2775 1348 l'abandonner
2844 1270 2889 1344 a
2930 1295 3041 1343 ses

796 1403 1139 1491 remordS,
1170 1413 1236 1475 et
1263 1426 1397 1498 que
1426 1401 1512 1472 de
1555 1403 1894 1496 mepriser
1924 1400 2239 1473 l'offense
2285 1401 2399 1495 qui
2423 1397 2662 1470 venait
2696 1397 2860 1469 d’un
2899 1396 3040 1468 lieu

798 1537 954 1623 trop
986 1528 1110 1601 bas
1137 1552 1311 1623 pour
1342 1528 1639 1600 s’elever
1678 1526 1966 1622 jusqu’a
1997 1527 2137 1599 elle
2158 1525 2261 1597 ¹.»

893 1654 1090 1741 Haec,
1113 1654 1275 1726 licet
1309 1653 1630 1725 fortassis
1665 1653 2017 1746 longiora,
2065 1651 2337 1745 prolixe
2364 1652 2478 1721 hic
2505 1652 3042 1722 memoravimus

796 1791 870 1851 ut
929 1778 1247 1849 Priolum
1275 1835 1293 1868 ‚
1374 1802 1459 1849 ex
1521 1777 1899 1873 aequalium
1965 1777 2309 1849 sententia
2376 1799 2516 1848 non
2577 1774 2817 1847 eadem
2874 1797 3042 1868 erga

796 1927 1036 1976 omnes
1083 1925 1166 1973 ac
1207 1903 1644 1974 Mazarinum
1682 1902 2170 1974 benevolentia
2209 1911 2332 1974 aut
2391 1902 2617 1996 potius
2654 1900 3043 1973 humilitate

799 2053 1000 2100 usum
1068 2051 1247 2119 esse,
1320 2027 1691 2099 manifeste
1757 2036 2053 2122 pateret.
2113 2030 2286 2099 Item
2358 2050 2441 2097 ex
2487 2026 2736 2098 iisdem
2785 2025 3040 2098 litteris

796 2161 1068 2226 constat
1122 2176 1324 2242 eum,
1396 2177 1534 2223 non
1595 2152 1921 2225 obstante
1982 2152 2293 2225 Colberti
2347 2161 2416 2224 et
2469 2150 2718 2224 Lionei
2777 2151 3036 2245 gratia,

797 2279 985 2374 apud
1050 2277 1302 2374 probos
1383 2280 1574 2350 viros
1638 2278 1908 2349 minimi
1983 2277 2302 2349 habitum
2375 2300 2526 2350 esse
2582 2303 2597 2348 ε
2682 2301 2816 2371 quo
2889 2277 3040 2349 sine

798 2403 1281 2477 controversia
1361 2403 1632 2497 aequius
1715 2403 1887 2473 nihil
1961 2403 2258 2498 reperiri
2332 2403 2575 2498 potuit.
2669 2401 2867 2486 Quod
2950 2405 3041 2475 ad

797 2528 1358 2622 Longavillaeum
1405 2537 1697 2622 spectat,
1739 2528 1915 2599 Mihi
1956 2527 2241 2601 Priolus
2271 2528 2497 2622 potius
2525 2528 2792 2621 ingrati
2833 2552 3038 2623 quam

798 2655 1155 2726 mendacis
1204 2664 1272 2726 et
1332 2653 1825 2726 calumniantis
1859 2656 2071 2726 animi
2119 2654 2414 2725 crimine
2458 2676 2659 2748 posse
2714 2653 3037 2726 damnari

796 2781 1100 2853 videtur.
1154 2780 1328 2864 Quae
1387 2790 1569 2853 enim
1640 2780 1775 2851 nisi
1822 2803 1993 2852 vera
2052 2790 2119 2853 et
2178 2780 2265 2852 ab
2328 2778 2650 2852 omnibus
2725 2780 3034 2874 ejusdem

796 2908 1026 2980 aetatis
1075 2907 1533 2999 scriptoribus
1577 2907 1845 2999 jactata
1907 2907 1991 2977 de
2045 2906 2524 3000 Longavillaeo
2579 2906 3037 3000 praedicavit?

799 3058 835 3102 «
862 3031 1411 3125 Longavillaeus,
1438 3031 1687 3127 inquit,
1716 3029 2000 3103 Condaei
2031 3054 2256 3123 gener
2294 3030 2686 3102 Condaeana
2727 3040 2879 3103 rate
2901 3056 3035 3105 na—

795 3156 1108 3249 vigabat,
1153 3154 1471 3227 omnibus
1502 3166 1734 3228 tamen
1776 3180 1848 3227 86
1886 3156 2308 3243 immiscenS‚
2345 3155 2523 3227 nulli
2557 3154 2873 3228 addictus
2902 3159 3038 3230 nisi

796 3281 914 3376 qui
943 3279 1419 3374 praepolleret,
1453 3279 1640 3351 ferre
1664 3281 1922 3373 jugum
1958 3304 2114 3351 cum
2145 3281 2349 3351 sociis
2381 3277 2721 3351 dolosus2.
2756 3281 3037 3354 »Porro

795 3405 1065 3492 eadem,
1112 3403 1431 3475 diffusius
1468 3403 1842 3499 explicata,
1885 3405 1959 3475 in
2001 3404 2354 3477 codicibus
2402 3404 2746 3477 Mazarini
2786 3406 3035 3501 quibus

795 3553 1222 3624 magnopere
1280 3529 1366 3601 de
1411 3530 1585 3601 duce
1630 3530 2002 3602 cardinalis
2057 3539 2476 3625 conquestus
2514 3539 2639 3622 est,
2682 3532 3029 3604 inveniaS.

796 3681 830 3723 «
866 3658 967 3726 M.
1012 3656 1096 3727 de
1126 3655 1595 3748 Longueville
1626 3679 1667 3728 a
1698 3656 1927 3727 oublie
1956 3680 2033 3727 ce
2075 3655 2242 3752 qu’il
2274 3656 2410 3727 m’a
2440 3654 2564 3727 fait
2604 3657 2757 3727 dire
2788 3679 2916 3751 par
2965 3658 3035 3731 13

790 3779 1183 3874 Croysette‚
1251 3779 1425 3851 dans
1459 3780 1527 3852 le
1583 3790 1809 3876 temps
1863 3804 1995 3876 que
2047 3782 2147 3851 M.
2185 3780 2251 3852 le
2286 3781 2534 3875 prince
2583 3782 2816 3855 s’etait
2856 3786 3035 3856 mele

790 3927 968 3999 pour
1006 3904 1104 3975 lui
1162 3902 1340 3976 faire
1380 3904 1650 3976 donner
1707 3913 2228 3977 contentement
2272 3928 2391 3975 sur
2429 3905 2529 3975 les
2581 3906 2831 3999 graces
2867 3907 3036 4004 qu'il

792 4028 1212 4118 demandait,
1241 4029 1618 4124 lesquelles
1651 4030 1912 4102 etaient
1957 4051 2147 4101 assez
2187 4029 2793 4102 considerables...
2832 4032 3034 4104 Voila

790 4164 1135 4233 comment
1174 4154 1275 4222 M.
1323 4153 1407 4225 de
1451 4154 1915 4247 Longueville
1968 4177 2058 4226 en
2109 4177 2153 4226 a
2192 4159 2317 4227 use
2364 4180 2379 4225 ε
2418 4154 2679 4229 iln'est
2735 4180 3034 4252 presque

787 4301 911 4372 pas
942 4300 1193 4349 encore
1216 4301 1302 4349 en
1326 4279 1720 4371 possession
1741 4278 1864 4351 des
1895 4281 2144 4373 graces
2166 4301 2296 4375 que
2314 4281 2382 4352 la
2398 4281 2594 4353 reine
2612 4281 2712 4352 lui
2732 4305 2772 4354 a
2799 4279 3026 4372 faiteS,

844 4616 863 4652 ¹
897 4616 1113 4664 Lettres
1142 4618 1206 4666 de
1229 4617 1552 4680 Chapelain‚
1584 4621 1621 4667 t.
1648 4618 1712 4679 11,
1742 4631 1899 4677 cxnv,
1932 4617 1995 4666 de
2026 4616 2173 4666 Paris
2202 4615 2251 4665 16
2279 4617 2309 4666 4
2333 4615 2452 4666 aoht
2478 4615 2623 4668 1662.

845 4695 868 4731 ²
900 4694 1128 4756 PrioluS,
1161 4697 1202 4758 Ι,
1226 4712 1280 4761 p.
1301 4696 1381 4746 21.
