3507 5683
827 648 888 698 -18
1501 648 1599 696 DE
1634 644 2081 696 BENJAmNI
2116 646 2389 695 PRIOLI

779 788 790 803 ¹
829 797 1061 879 terum
1117 785 1316 856 illum
1371 785 1446 854 in
1499 784 1848 876 flagrante
1906 784 2251 856 mendacii
2307 793 2377 856 et
2424 783 2753 854 vanitatis
2816 756 3069 857 delicto

828 910 1443 1006 deprehendimus,
1493 908 1757 979 Nullus
1820 908 1927 978 vir
1967 910 2153 978 enim
2212 933 2292 979 eo
2356 908 2489 980 fuit
2540 908 2958 981 insolentior
3002 915 3071 980 et

829 1035 1257 1122 mendacior,
1302 1055 1697 1129 quanquam
1750 1032 2071 1103 Rhodius
2118 1033 2412 1104 candide
2458 1057 2474 1103 :
2532 1059 2569 1102 «
2626 1033 3068 1106 Mendacium

829 1162 927 1234 ita
962 1160 1427 1232 aversabatur
1451 1168 1528 1228 ut
1555 1158 1646 1228 ad
1672 1157 1894 1230 solam
1931 1158 2361 1230 mentionem
2388 1156 3002 1255 excandesceret&
3028 1184 3065 1228 »

829 1287 1081 1358 dixerit
1128 1311 1144 1355 ε
1199 1285 1427 1356 Norat
1477 1293 1713 1355 autem
1771 1285 2130 1355 hominem
2199 1282 2519 1354 callidius
2572 1282 3064 1371 Nemaurosia,

829 1410 1297 1507 Longavillaei
1365 1409 1561 1481 ducis
1617 1408 1760 1480 filia
1834 1432 1992 1504 quae
2055 1409 2123 1479 in
2187 1409 2710 1480 commentariis
2747 1410 2937 1480 deco
2972 1409 3071 1480 sic

830 1539 1060 1610 locuta
1080 1545 1187 1608 est
1213 1561 1229 1606 ε
1260 1560 1298 1606 «
1323 1534 1563 1607 Priolo
1584 1534 1755 1607 etait
1785 1558 1879 1605 un
1895 1533 2035 1606 fort
2051 1534 2284 1628 grand
2303 1545 2624 1607 menteur
2640 1532 2694 1605 2.
2716 1561 2753 1605 »
2776 1534 3072 1629 Scripsit

830 1663 1043 1757 igitur
1071 1660 1353 1733 Priolus
1384 1661 1454 1730 in
1485 1652 1899 1754 praefatione
1932 1659 2293 1732 historiae:
2335 1685 2371 1729 c(
2397 1660 2547 1732 Etsi
2579 1659 2812 1732 nullas
2844 1658 3070 1732 scolas

832 1811 962 1861 nec
996 1787 1404 1860 Academias
1432 1808 1742 1880 unquam
1788 1786 2093 1858 viderim
2119 1796 2189 1856 et
2220 1785 2409 1857 nullo
2451 1786 2722 1858 nisime
2759 1810 3073 1881 praecep-

833 1926 983 1986 tore
1030 1936 1198 1984 nsus
1256 1913 1417 2000 sim,
1460 1934 1661 1982 nemo
1707 1920 1945 1982 tamen
2013 1935 2123 1982 me
2162 1920 2428 1983 temere
2491 1911 2699 1982 debet.
2740 1911 3073 1983 arbitrari

832 2040 967 2111 nisi
995 2038 1227 2109 Latini
1255 2036 1598 2108 sermonis
1628 2036 1807 2107 bene
1826 2036 2091 2129 peritus
2117 2034 2167 2105 3.
2199 2061 2236 2105 »
2259 2035 2716 2110 obliviscitur
2736 2035 3066 2124 libenter,

829 2173 906 2237 ut
934 2164 1071 2236 alia
1097 2162 1438 2250 omittam,
1465 2160 1796 2254 Lugduni
1825 2162 2260 2233 Batavorum
2290 2160 2739 2233 Academiam
2774 2160 3072 2256 quacum

828 2310 957 2384 per
991 2288 1261 2360 litteras
1289 2295 1523 2360 tamen
1562 2309 1919 2381 nunquam
1944 2286 2243 2382 colloqui
2286 2287 2562 2360 desivit.
2599 2288 3073 2381 Reperiuntur

832 2415 1020 2485 enim
1058 2414 1132 2484 in
1181 2411 1481 2507 epistola
1542 2412 1733 2485 illius
1794 2412 2030 2483 multis
2081 2422 2235 2506 post
2293 2413 2495 2484 annis
2540 2412 2627 2484 ad
2664 2411 3068 2486 Colbertum

830 2540 1043 2611 missa
1081 2562 1239 2634 quae
1266 2546 1672 2633 sequuntur.
1714 2564 1752 2608 «
1787 2540 1888 2609 M.
1920 2536 2257 2610 Heinsius
2282 2537 2309 2577 ⁴
2330 2538 2682 2632 m’escript
2708 2540 2794 2609 de
2833 2538 3068 2632 Leyde

831 2689 947 2738 ces
974 2688 1269 2759 propres
1299 2673 1479 2735 mots
1506 2689 1522 2734 ε
1553 2689 1589 2734 «
1630 2664 1737 2736 Tu
1758 2664 1985 2736 instar
2011 2664 2516 2735 chameleontis
2532 2663 2739 2735 *solus
2766 2673 2963 2758 potes
2993 2663 3069 2734 in

830 2789 1206 2888 quemlibet
1233 2791 1643 2885 scriptorem
1671 2799 1740 2862 te
1775 2788 2286 2884 transfigurare
2303 2788 2353 2861 ⁵.
2405 2815 2441 2858 »
2475 2789 2762 2862 Utinam
2780 2788 3071 2862 chame-

830 2917 1072 2990 leonta
1091 2925 1387 3005 tantum,
1406 2915 1588 3011 quod
1611 2915 1863 2988 attinet
1891 2915 1982 2987 ad
2009 2915 2294 3010 stylum,
2316 2914 2921 2989 Priolusimitatus
2949 2915 3066 2987 sit.

830 3045 1001 3114 Post
1019 3051 1165 3114 tres
1184 3064 1433 3129 annOS,
1458 3040 1901 3112 errabundus
1922 3063 2199 3135 semper
2220 3051 2286 3111 et
2312 3040 2694 3130 famelicuS,
2729 3040 3072 3113 Lutetiam

829 3167 1262 3239 Parisiorum
1305 3166 1505 3255 adiit,
1547 3165 1772 3236 Grotii
1802 3164 2137 3237 audiendi
2168 3188 2379 3237 causa
2411 3174 2480 3237 et
2508 3165 2670 3236 hinc
2704 3165 3072 3238 Patavium

828 3292 1267 3380 commeavit,
1300 3291 1604 3362 Caesaris
1620 3288 2023 3362 Cremonini
2061 3299 2127 3361 et
2156 3290 2478 3363 Fortunii
2506 3291 2724 3364 Liceti
2755 3291 2941 3364 fama
2962 3304 3075 3366 at-

830 3427 1093 3491 tractus
1109 3413 1162 3487 ⁶.
1194 3416 1392 3501 Quod
1418 3418 1570 3510 ipse
1608 3416 1682 3487 in
1719 3417 2013 3511 epistola
2063 3417 2154 3487 ad
2184 3418 2496 3490 Venetos
2534 3419 2622 3489 de
2658 3419 2791 3512 qua
2858 3432 3073 3514 supra

831 3542 1088 3614 dictum
1133 3540 1369 3613 retulit
1415 3566 1430 3612 ε
1494 3566 1531 3611 «
1576 3540 1894 3611 Primum
1935 3539 2059 3613 illa
2108 3553 2351 3614 vestra
2401 3543 2810 3616 Antenorea
2858 3542 3075 3615 altrix

847 3666 995 3756 nei,
1027 3665 1247 3737 dulcis
1269 3664 1521 3737 artium
1556 3688 1832 3759 parens,
1871 3664 2075 3738 ferax
2100 3664 2554 3739 seminarium
2579 3668 2783 3741 bonae
2815 3668 3070 3764 frugiS,

832 3776 999 3863 laeta
1018 3792 1351 3863 virtutum
1380 3812 1586 3884 seges
1595 3846 1614 3882 ,
1644 3814 1755 3863 me
1772 3792 1917 3863 suis
1937 3793 2308 3887 praeceptis
2327 3794 2602 3866 imbuit.
2627 3819 2665 3864 ))
2689 3790 2822 3866 Hic
2841 3806 3075 3868 autem

833 3916 1186 4008 Rhodium
1210 3904 1576 3988 audiamus
1616 3941 1632 3987 ε
1672 3943 1710 3987 «
1756 3920 1835 3989 In
1875 3919 2180 3990 Galliam
2232 3919 2450 3992 redux
2501 3921 2747 3994 revisit
2783 3931 3073 4016 penates

835 4041 1223 4114 desolatos:
1256 4041 1416 4114 hinc
1467 4042 1756 4114 collecta
1809 4044 2176 4136 pecuniola
2241 4068 2487 4116 rursus
2522 4046 2599 4115 in
2641 4047 2911 4118 Italiam
2951 4071 3075 4120 re·-

898 4291 918 4325 1
949 4286 1203 4348 Rhodius,
1238 4304 1287 4353 p.
1323 4287 1373 4339 6.
1435 4315 1444 4324 ·
1779 4339 1788 4346 ,

785 4427 794 4442 ,
850 4343 920 4406 02
943 4371 1115 4421 Me’m.
1149 4370 1214 4416 de
1232 4368 1290 4417 za
1318 4370 1480 4420 auch.
1509 4369 1886 4430 deNemours,
1916 4369 2032 4421 0011.
2064 4370 2269 4435 Petita,
2305 4375 2341 4422 t.
2373 4371 2613 4432 xxx1v,
2648 4388 2698 4437 p.
2727 4372 2839 4422 411.

896 4450 921 4487 3
950 4448 1177 4510 Priolus,
1202 4448 1398 4501 lectori.

894 4532 919 4567 ⁴
937 4529 1182 4581 Nicolaus
1210 4530 1472 4590 Heinsius,
1499 4532 1634 4580 filius
1659 4531 1891 4581 Danielis
1920 4531 2137 4582 Heinsii.

896 4613 919 4647 5
948 4614 1090 4662 Lete.
1121 4613 1268 4663 ine'd.
1301 4610 1365 4659 de
1394 4611 1572 4660 Priolo
1608 4612 1699 4671 111,
1733 4629 1783 4676 p.
1811 4613 1860 4664 7.

899 4694 922 4726 ⁴³
955 4691 1206 4752 Rhodius,
1237 4707 1288 4757 p.
1318 4692 1369 4744 2.
