3507 5683
2401 398 2453 440 q

830 609 894 658 72
1506 608 1609 659 DE
1640 607 2085 659 BENJAMINI
2119 606 2390 658 PRIOLI

832 746 1138 843 supplier
1165 747 1309 819 tres
1328 744 1805 818 humblement
1822 746 1912 818 de
1930 768 2042 817 me
2064 743 2357 838 daigner
2390 742 2728 837 regarder
2767 740 2933 812 d’un
2953 738 3076 811 oeil

831 872 919 944 de
947 871 1138 967 pitie,
1163 869 1301 942 afin
1325 872 1544 967 queje
1571 894 1660 943 ne
1680 870 1820 942 sois
1839 892 1962 964 pas
1986 869 2136 942 seul
2166 892 2256 940 en
2291 892 2370 941 ce
2398 889 2732 963 royaume
2754 867 2867 964 qui
2889 864 3074 937 n’aie

831 997 1136 1091 eprouve
1156 1018 1233 1067 sa
1254 994 1629 1068 clemence.
1675 995 1780 1067 M.
1808 994 2116 1069 Ondedei
2157 993 2293 1066 m'a
2313 994 2575 1089 promis
2605 992 2693 1063 (16
2714 994 3076 1087 represen-

833 1130 940 1193 ter
988 1119 1030 1192 a
1058 1121 1152 1191 V.
1180 1120 1266 1192 E.
1309 1120 1379 1193 le
1415 1121 1604 1193 desir
1657 1142 1791 1218 que
1826 1118 1956 1216 j’ai
2007 1119 2094 1190 de
2144 1117 2373 1190 servir
2403 1117 2495 1189 ou
2523 1116 2658 1190 elle
2685 1139 2796 1190 me
2817 1119 3078 1212 jugera

833 1245 1143 1341 capable.
1202 1246 1241 1317 J
1248 1267 1287 1317 e
1311 1244 1581 1341 supplic
1619 1247 1766 1317 tres
1787 1244 2263 1318 humblement
2281 1244 2375 1314 V.
2400 1241 2489 1317 E.
2525 1243 2611 1315 de
2637 1266 2749 1315 me
2776 1240 3077 1336 daigner

770 1359 777 1364 ’
834 1371 1217 1466 employer‚
1266 1369 1403 1443 afin
1438 1394 1572 1467 que
1614 1370 1692 1464 je
1723 1393 1815 1443 ne
1843 1392 2045 1468 passe
2075 1393 2197 1466 pas
2248 1394 2359 1443 ma
2385 1369 2498 1440 vie
2541 1369 2714 1440 dans
2737 1367 3078 1440 l’oisivete

834 1506 902 1569 et
939 1520 1070 1594 que
1097 1497 1175 1591 je
1200 1496 1269 1567 16
1319 1495 1558 1568 finisse
1589 1519 1678 1568 en
1707 1494 2081 1567 l'honneur
2097 1495 2185 1567 (16
2205 1503 2409 1567 votre
2431 1495 2726 1566 service.
2759 1492 3080 1565 Monsei-

834 1645 1061 1718 gneur
1089 1620 1176 1692 de
1208 1620 1304 1693 V.
1329 1620 1430 1691 E.
1450 1674 1467 1705 ‚
1508 1621 1653 1691 tres
1700 1620 2013 1710 humble,
2046 1620 2189 1692 tres
2219 1618 2423 1694 fidele
2453 1627 2523 1693 et
2561 1622 2705 1693 tres
2725 1619 3078 1693 obeissant

836 1747 1203 1820 serviteur.
1242 1747 1518 1818 PmoLo
1545 1743 1649 1815 ¹.»

888 1901 899 1908 ·
932 1874 1136 1946 Hanc
1150 1871 1513 1966 epistolam
1534 1870 1767 1943 multis
1786 1894 1870 1943 ex
1889 1873 2120 1945 causis
2147 1882 2357 1945 totam
2377 1871 2490 1944 hic
2512 1871 3079 1967 transcripsimus

836 2001 1060 2098 primo
1113 1999 1263 2071 loco
1317 1998 1498 2093 quod
1556 2006 2044 2091 argumentum
2084 1997 2301 2070 Prioli
2342 1997 2756 2093 proditionis
2800 2008 2936 2088 est,
2966 1998 3078 2070 his

839 2125 1153 2198 omnibus
1170 2146 1331 2217 quae
1357 2121 1746 2210 retulimuS‚
1767 2120 2199 2213 addendum3
2222 2121 2382 2193 dein
2405 2121 2591 2219 quod
2615 2145 2702 2194 ex
2712 2144 2795 2196 ea
2809 2133 3080 2196 constat

837 2250 1017 2323 falsa
1070 2249 1354 2321 omnino
1406 2271 1561 2320 esse
1593 2271 1752 2343 quae
1773 2247 2062 2344 Baylius
2116 2258 2498 2339 asseverat,
2548 2273 2756 2345 quum
2805 2248 3081 2321 Priolus

839 2375 1137 2449 fateatur
1185 2397 1326 2446 non
1353 2395 1396 2445 a
1433 2395 1509 2445 se
1537 2372 1968 2445 cardinalem
2014 2383 2255 2468 sponte
2306 2373 2719 2448 derelictum
2744 2395 2949 2465 esse,
3004 2384 3081 2447 ut

842 2500 1276 2573 Condaeanas
1301 2506 1535 2593 partes
1565 2510 2103 2595 assequeretur:
2163 2500 2402 2573 scribit
2443 2501 2663 2572 enim:
2720 2524 2758 2572 «
2803 2501 2914 2575 On
2944 2500 3080 2572 m’a

840 2627 1148 2721 toujours
1174 2625 1394 2698 noirci
1412 2627 1669 2720 aupres
1688 2624 1897 2698 d’elle
1926 2626 2184 2699 devant
2211 2626 2541 2725 laquelle,
2569 2637 2704 2700 etc.
2737 2651 2774 2697 »
2821 2628 3082 2701 Noster

839 2750 1053 2844 igitur
1074 2773 1202 2822 nec
1249 2748 1573 2823 fortassis
1619 2749 1995 2843 immerito,
2029 2776 2242 2849 quum
2259 2754 2410 2848 ipse
2431 2752 2804 2824 haberetur
2857 2763 3081 2824 teter-

842 2875 1062 2948 rimus
1111 2875 1593 2968 calumniator,
1639 2877 2021 2951 aulicorum
2074 2878 2691 2953 detrectationibus
2740 2878 3081 2952 obnoxius

844 2998 1062 3073 fuisse
1095 3000 1394 3074 videtur.
1454 3003 1657 3076 Adde
1696 3004 1879 3099 quod
1932 3002 2153 3099 Zongi
2184 3004 2521 3096 Ondedei,
2564 3004 2653 3076 de
2700 2998 2836 3101 qu'o
2872 3028 3084 3100 supra

841 3125 1171 3217 diximuS,
1213 3127 1591 3199 amicitiam
1623 3129 1757 3200 sibi
1803 3152 2176 3202 reservare
2242 3140 2622 3203 curaverat
2656 3155 2673 3201 ι
2707 3130 2906 3222 cujus
2955 3151 3085 3225 ope

844 3251 1217 3346 posteriuS,
1253 3261 1589 3348 quantuni
1628 3254 1972 3349 suspicari
2033 3254 2227 3344 libet,
2263 3256 2336 3326 in
2398 3256 2739 3328 Mazarini
2777 3256 3085 3349 gratiam

845 3398 1096 3448 rursus
1134 3376 1366 3449 rediit.
1411 3380 1866 3474 Quacumque
1919 3388 2150 3452 autem
2180 3405 2266 3453 ex
2294 3382 2505 3454 causa
2550 3381 2638 3453 ab
2667 3381 2829 3453 aula
2869 3405 3084 3454 exsu-

841 3501 1117 3593 laverit,
1187 3503 1336 3575 sive
1405 3505 1794 3577 cardinalis
1862 3507 2231 3578 avaritiam
2300 3517 2705 3580 exsecratus
2761 3508 2875 3596 sit,
2936 3508 3085 3578 sive

842 3626 1074 3699 odium
1096 3638 1166 3699 et
1195 3627 1387 3699 mala
1430 3629 1503 3699 in
1556 3653 1629 3701 se
1663 3630 1885 3703 verba
1933 3632 2364 3704 asseclarum
2392 3633 2541 3727 ejus
2566 3632 2922 3726 effugerit,
2960 3656 3083 3704 seu

845 3751 1053 3822 etiam
1071 3774 1199 3845 pro
1229 3734 1424 3825 more
1447 3777 1574 3825 suo
1594 3777 1854 3827 arcana
1885 3778 2181 3850 quorum
2210 3755 2445 3829 fuerat
2464 3758 2814 3852 particeps
2830 3779 3087 3850 garru-

844 3874 1046 3946 litate
1087 3876 1301 3950 nimia
1336 3877 1761 3971 prodiderit,
1798 3887 2064 3952 certum
2082 3889 2186 3952 est
2218 3881 2421 3952 illum
2449 3904 2490 3953 a
2530 3904 2818 3954 munere
2844 3905 2977 3977 quo
2998 3880 3086 3953 ab

846 4001 1032 4072 attho
1057 3999 1251 4074 1645
1269 4011 1423 4074 erat
1451 4001 1760 4093 functuS,
1787 4003 2189 4078 destitutum
2213 4026 2390 4078 esse.
2417 4007 2600 4077 Fere
2622 4007 2709 4078 ab
2731 4006 3080 4096 omnibUS,

846 4125 1101 4221 praeter
1159 4136 1377 4198 u‘num
1422 4126 1989 4222 Longavillaeum
2030 4152 2072 4201 a
2116 4154 2249 4226 quo
2289 4119 2737 4223 largitionem
2782 4155 3087 4204 annuam

846 4254 1164 4347 accipere
1186 4252 1486 4342 solebat,
1511 4252 1917 4343 derelictus,
1952 4255 2265 4344 Priolus,
2284 4269 2360 4330 ut
2381 4267 2720 4330 memorat
2737 4256 3080 4345 Rhodius»,

846 4378 1210 4472 sapientiae
1242 4377 1490 4449 studiis
1515 4399 1590 4448 se
1613 4377 1904 4450 involvit
1930 4388 2008 4450 ut
2028 4401 2181 4475 quae
2205 4379 2436 4473 gloria
2475 4379 2758 4454 fuerant
2775 4380 3092 4453 florentis

917 4666 930 4698 ¹
966 4666 1106 4715 Lete.
1148 4667 1297 4716 ine'd.
1334 4669 1398 4717 de
1428 4668 1640 4731 Priolo‚
1676 4683 1709 4726 1,
1746 4686 1798 4734 p.
1827 4669 1871 4719 1.
