3507 5683
1215 646 1407 696 vlTA
1444 647 1542 696 ET
1576 645 1952 696 SCRIPTIS
2634 645 2692 693 21

467 802 737 849 morum
766 787 836 851 et
860 780 1113 852 indolis
1143 784 1553 855 austeritate
1584 781 2043 856 manifestius.
2077 782 2219 853 Sub
2245 782 2375 852 hac
2405 782 2699 874 rigidis-

467 904 623 976 simi
653 903 788 975 viri
811 906 1040 998 aegide
1061 906 1525 999 BenJaminus
1545 907 1823 981 Priolus
1849 905 2224 1001 opprobria
2248 902 2508 976 velavit
2537 903 2696 976 feli·

465 1031 780 1124 citerque
801 1041 955 1123 post
985 1030 1340 1102 Rohannii
1361 1032 1623 1103 obitum
1656 1033 1809 1126 ejus
1831 1032 2114 1104 nomine
2152 1054 2323 1103 usus
2353 1040 2460 1104 est
2502 1057 2517 1102 ε
2554 1040 2702 1102 tes-

467 1164 655 1226 tatur
676 1177 906 1226 comes
925 1155 1245 1228 Gualdus
1266 1157 1625 1229 Prioratus
1658 1181 1817 1229 eum
1845 1157 2182 1230 memoria
2213 1157 2406 1229 ducis
2432 1166 2697 1252 postea,

467 1278 595 1350 sub
614 1281 953 1352 Mazarini
974 1281 1343 1374 regimine,
1366 1260 1733 1354 defensum
1756 1281 1976 1355 fuisse
1997 1283 2337 1354 adversus
2360 1282 2706 1354 obtrecta-

469 1416 693 1477 torum
743 1405 1248 1499 malignitatem
1306 1407 1588 1502 quibus,
1641 1432 1867 1504 neque
1915 1407 2287 1481 admodum
2336 1407 2703 1501 injuriose,

467 1529 802 1602 obnoxius
832 1540 985 1602 erat
1015 1530 1065 1600 ¹.
1113 1530 1243 1613 Qui
1266 1532 1450 1601 enim
1478 1532 1631 1603 fieri
1666 1543 1937 1627 poterat
1976 1544 2050 1606 ut
2081 1534 2197 1631 qui
2237 1532 2468 1605 fuerat
2515 1532 2708 1603 ducis

467 1654 696 1748 potius
763 1653 1127 1727 familiaris
1189 1680 1399 1752 quam
1455 1657 1753 1733 famulus
1818 1683 2038 1756 usque
2105 1661 2194 1732 ad
2254 1659 2710 1754 proditionem

470 1782 938 1854 delaberetur.
1006 1782 1169 1854 Non
1220 1794 1481 1855 autem·
1513 1795 1926 1878 reputarant
1985 1786 2105 1881 qui
2177 1785 2345 1857 talia
2404 1784 2710 1856 medita-

473 1908 732 1980 bantur
755 1907 1199 1982 Rohannium
1219 1932 1491 2004 quoque
1515 1910 1760 1982 ducem
1781 1933 1822 1982 a
1843 1909 2181 1982 traditore
2203 1910 2505 2004 potuisse
2527 1905 2703 1981 falli.

469 2041 732 2127 Quidni
755 2041 942 2112 enim
966 2041 1152 2136 apud
1189 2064 1346 2111 eum
1367 2037 1643 2110 Priolus
1662 2045 1901 2131 partes
1916 2036 2201 2107 easdem
2223 2059 2397 2132 quas
2425 2037 2712 2132 posthac

470 2167 656 2260 apud
676 2165 1225 2259 Longavillaeum
1243 2165 1487 2235 ducem
1504 2162 1729 2255 egerit
1746 2166 1773 2230 Ζ
1793 2160 2229 2255 Argumenta
2258 2170 2488 2233 tamen
2507 2160 2714 2255 hujus

471 2290 882 2386 proditionis
918 2290 1194 2381 desunt,
1220 2287 1509 2360 alterius
1536 2297 1769 2359 autem
1801 2286 2162 2379 complura
2197 2294 2707 2381 proponuntur.

475 2417 798 2488 Ceterum
834 2416 919 2486 de
949 2416 1080 2486 hoc
1109 2414 1428 2487 ulterius.

575 2540 963 2611 Dolendum
989 2548 1093 2611 est
1128 2540 1309 2633 quod
1342 2539 1630 2609 historia
1671 2537 2023 2609 Rohannii
2052 2536 2247 2608 ducis
2285 2560 2490 2631 quam
2522 2537 2715 2608 Prio-

475 2665 588 2737 lus
625 2665 1001 2758 scripserat
1040 2687 1394 2758 nunquam
1433 2664 1507 2737 in
1545 2662 1773 2733 lucem
1813 2662 1996 2733 edita
2037 2660 2248 2734 fuerit
2284 2687 2298 2732 :
2337 2662 2713 2734 dolendum

469 2788 730 2883 magis,
776 2791 961 2886 quod
1007 2789 1099 2861 ad
1144 2813 1269 2860 nos
1326 2788 1597 2874 attinet,
1642 2788 1828 2885 quod
1864 2812 2134 2886 quoque
2177 2788 2321 2863 vita
2367 2788 2453 2860 B.
2500 2788 2715 2860 Prioli

477 2917 737 3011 abipso
770 2916 1030 3009 scripta
1066 2915 1325 2988 amissa
1370 2914 1605 2987 fuerit.
1654 2914 1880 2987 Multa
1911 2916 2098 2987 enim
2130 2938 2288 3011 quae
2330 2939 2455 2986 nos
2495 2915 2715 2986 latent

479 3042 909 3113 doceremur.
952 3044 1237 3115 Constat
1270 3051 1506 3115 tamen
1545 3040 1857 3111 Priolum
1885 3042 2203 3112 comitem
2234 3041 2428 3112 ducis
2466 3038 2709 3126 fuisse,

480 3189 687 3259 quum
720 3166 1071 3237 Henricus
1093 3165 1502 3237 Rohannius
1537 3187 1722 3236 anno
1758 3166 1940 3237 1631
1980 3165 2069 3235 ad
2105 3164 2315 3238 finem
2345 3174 2711 3258 vergente,

480 3313 520 3362 a
558 3313 725 3383 rege
759 3290 1027 3362 litteras
1066 3290 1330 3384 accepit
1369 3289 1617 3384 quibus
1646 3289 1736 3362 ad
1765 3292 2086 3382 Rhaet0s‚
2132 3315 2418 3364 munere
2459 3314 2714 3386 nequa-

479 3438 684 3510 quam
699 3414 1009 3503 definite,
1030 3414 1456 3486 mittebatur.
1490 3415 1857 3487 Richelius
1882 3416 2064 3488 enim
2090 3439 2437 3489 renovare
2462 3417 2716 3488 decre·-

480 3547 677 3610 verat
713 3540 798 3610 de
845 3539 1051 3610 Valle
1103 3538 1355 3610 Telina
1404 3525 1664 3611 bellum
1711 3541 1892 3634 quod
1932 3542 2237 3636 quinque
2296 3550 2459 3612 ante
2511 3542 2716 3613 annis

480 3662 747 3736 foedere
783 3664 1246 3735 Monzoniano
1284 3674 1439 3734 erat
1477 3674 1862 3757 peractum.
1908 3665 2132 3736 Haesit
2163 3665 2513 3736 interdum
2548 3689 2718 3759 pau-

478 3786 689 3882 lisper
727 3787 1164 3879 Rohannius,
1188 3788 1433 3858 anxius
1463 3809 1555 3857 an
1596 3788 1730 3859 sibi
1770 3811 1810 3859 a
1845 3811 2016 3881 rege
2047 3790 2483 3861 Francorum
2515 3812 2714 3884 para-

481 3922 727 3984 rentur
767 3914 1043 3985 insidiae
1071 3939 1085 3983 ε
1115 3916 1348 4006 paruit
1380 3923 1614 3984 tamen
1658 3912 1942 4001 litteris,
1979 3914 2228 4010 quihus
2256 3917 2343 3991 ad
2385 3916 2715 3987 Senatum

483 4013 910 4110 Venetorum
971 4039 1287 4133 perlatiS‚
1331 4061 1601 4109 summa
1633 4039 2110 4111 munificentia
2166 4041 2347 4111 circa
2411 4063 2717 4111 mensem

483 4162 929 4234 novembrem
954 4161 1084 4234 fuit
1111 4162 1440 4232 dimissus
1473 4187 1486 4231 ε
1518 4163 1680 4234 hinc
1701 4186 1941 4235 mense
1967 4165 2377 4259 insequente
2406 4167 2712 4256 Curiam,

483 4286 904 4382 praecipuam
961 4288 1376 4359 Rhaetorum
1446 4288 1690 4359 urbem
1749 4288 1948 4379 adiit,
2016 4289 2088 4358 in
2147 4314 2281 4385 qua
2327 4292 2466 4362 dux
2505 4291 2717 4362 trium

484 4413 890 4485 societatum
934 4412 1191 4506 quibus
1247 4412 1472 4486 omnis
1523 4412 1816 4485 Rhoetia
1876 4387 2171 4503 constat,
2246 4412 2473 4487 factus
2539 4415 2713 4487 est2.

551 4616 565 4649 ¹
601 4615 665 4664 G.
696 4613 953 4673 Priorum,
987 4630 1072 4679 op.
1107 4615 1223 4676 cic„
1254 4621 1292 4665 t.
1323 4615 1414 4674 IV,
1449 4631 1499 4679 p.
1531 4615 1610 4665 85.

546 4696 568 4731 ²
602 4696 751 4747 Hist.
779 4700 847 4746 de
876 4696 950 4743 H.
976 4698 1041 4745 de
1066 4697 1287 4757 Bolum,
1314 4711 1408 4760 par
1434 4697 1494 4745 F.
1532 4696 1594 4746 D.
1632 4711 1681 4759 p.
1717 4696 1825 4757 151,
1862 4698 1968 4746 152.
