3507 5683
801 666 867 716 54
1479 668 1580 719 DE
1612 668 2063 719 BENJAMINI
2099 667 2373 717 PRIOLI

804 804 990 876 enim
1040 804 1551 878 Mottavillaea?
1594 806 1757 876 «Le
1807 806 2020 878 matin
2073 805 2160 876 de
2204 829 2282 878 ce
2324 805 2518 899 jour,
2569 804 2638 876 le
2673 806 2912 899 prince
2958 807 3046 879 de

802 929 1037 1002 Cende
1070 929 1212 1001 alla
1244 930 1398 1002 voir
1424 930 1492 1003 le
1516 928 1833 1003 cardinal
1869 928 2041 1026 qu'il
2089 939 2336 1002 trouva
2365 934 2623 1025 occupe
2651 929 2690 1002 a
2729 931 2967 1026 parler
3003 930 3044 1002 a

800 1056 1063 1146 Priolo,
1096 1056 1529 1153 domestique
1548 1057 1641 1128 du
1669 1057 1803 1127 duc
1821 1055 1908 1126 de
1922 1054 2409 1148 Longueville‚
2442 1054 2483 1126 a
2514 1056 2631 1152 qui
2653 1056 2701 1127 il
2729 1057 2831 1128 dit
2856 1056 3045 1131 mille

799 1181 1141 1255 douceurs
1183 1206 1359 1277 pour
1415 1205 1542 1256 son
1578 1182 1853 1272 maitre‚
1884 1181 1951 1253 le
1991 1181 2226 1276 priant
2268 1179 2355 1252 de
2403 1205 2479 1252 se
2515 1191 2804 1254 trouver
2834 1182 3043 1278 apres

797 1308 964 1379 midi
1024 1332 1111 1381 au
1161 1308 1425 1381 conseil
1465 1308 1511 1378 ¹.
1545 1331 1582 1378 ›)
1637 1306 1913 1382 Clarius
1961 1317 2190 1379 autem
2234 1314 2303 1378 et
2343 1306 2754 1402 explicatius
2812 1307 3044 1404 loqui-

795 1444 912 1506 tur
950 1435 1035 1506 G.
1082 1434 1496 1506 Prioratus:
1538 1457 1575 1502 «
1628 1434 1728 1505 La
1776 1432 2066 1504 mattina
2108 1431 2201 1503 18
2262 1455 2557 1525 genaro,
2623 1433 2862 1506 Priolo
2920 1434 3045 1509 che

796 1568 1049 1631 teneva
1087 1560 1250 1632 tutti
1277 1560 1300 1629 i
1332 1557 1586 1631 secreti
1615 1580 1655 1630 e
1679 1557 2023 1651 negotiati
2062 1557 2131 1627 di
2175 1557 2594 1650 Longavilla
2630 1558 2700 1628 in
2731 1582 2963 1651 mam,
3005 1583 3045 1632 e

795 1684 1261 1778 maneggiava
1288 1683 1721 1778 gl’interessi
1743 1682 1973 1754 d’esso
2007 1682 2186 1753 duca
2215 1705 2546 1778 appresso
2567 1683 2709 1757 alla
2733 1686 3038 1779 Regina,

795 1832 834 1880 e
875 1810 944 1882 la
982 1809 1215 1901 Corte,
1276 1808 1458 1882 ando
1510 1832 1635 1904 per
1684 1794 1941 1880 vedere
1997 1807 2047 1879 il
2098 1806 2482 1898 cardinale,
2526 1808 2578 1878 11
2608 1810 2811 1909 quale
2838 1812 3038 1904 parlo

796 1958 953 2008 seco
992 1936 1150 2007 fuor
1200 1934 1313 2007 del
1352 1959 1475 2008 suo
1505 1958 1632 2006 uso
1669 1957 1800 2006 con
1841 1931 2050 2005 molta
2101 1931 2259 2004 lode
2300 1933 2369 2003 di
2412 1934 2864 2028 Longavilla,
2902 1960 2941 2009 e
2982 1937 3041 2008 si

792 2070 1055 2132 mostro
1101 2060 1172 2131 di
1205 2061 1304 2133 lui
1335 2060 1844 2155 grandemente
1894 2056 2299 2131 sodisfatto:
2354 2059 2533 2130 onde
2584 2061 2710 2132 che
2752 2062 2821 2133 le
2865 2063 3043 2136 altre

791 2184 1006 2275 volte,
1050 2186 1109 2257 si
1147 2185 1551 2259 lamentava
1588 2186 1697 2257 col
1726 2183 2101 2257 medesimo
2131 2182 2366 2256 Priolo
2398 2192 2468 2254 et
2517 2192 2719 2255 entro
2759 2206 2801 2255 a
2828 2183 3039 2277 dirgli

790 2311 918 2384 che
944 2310 999 2381 il
1034 2311 1215 2384 duca
1254 2333 1376 2383 era
1408 2321 1657 2406 troppo
1710 2318 1961 2383 stretto
1990 2333 2176 2401 seco,
2216 2309 2344 2382 che
2379 2334 2519 2382 non
2539 2309 2643 2404 gli
2681 2318 3038 2382 mostrava

789 2437 1043 2509 alcuna
1066 2437 1488 2529 colnfidenza‚
1515 2436 1639 2508 che
1665 2459 1803 2507 non
1827 2437 1885 2507 si
1913 2436 2268 2531 prendeva
2288 2434 2545 2508 alcuna
2578 2458 2746 2507 cura
2777 2436 2850 2506 di
2882 2459 3038 2531 pro-

792 2586 1040 2636 curare
1090 2561 1381 2658 qualche
1438 2561 1821 2655 vantaggio
1862 2561 1932 2634 al
1982 2562 2218 2655 nipote
2254 2571 2322 2633 et
2371 2561 2513 2633 alle
2552 2561 2770 2655 nipoti
2809 2584 2933 2635 sue
2971 2570 3038 2636 et

790 2690 929 2762 alle
979 2712 1136 2761 cose
1192 2687 1489 2758 simili.»
1557 2690 1783 2781 Igitur
1839 2711 1926 2760 ex
1981 2687 2093 2759 his
2144 2696 2410 2759 constat
2463 2688 2895 2762 Mazarinum
2946 2687 3033 2760 de

792 2815 1278 2910 Longavillaeo
1315 2838 1472 2887 cum
1512 2814 1756 2886 Priolo
1798 2814 2097 2887 locutum
2159 2837 2354 2888 esse:
2412 2816 2591 2910 quod
2647 2813 2914 2889 frustra
2964 2816 3037 2888 in

791 2940 1085 3013 historia
1113 2941 1337 3012 Prioli
1372 2940 1776 3035 quaerimus,
1809 2940 2024 3013 Addit
2074 2948 2304 3013 autem
2341 2941 2732 3032 PrioratuS‚
2765 2943 3036 3015 Motta—

793 3067 1053 3137 villaeae
1084 3067 1334 3155 instar,
1378 3065 1618 3136 Priolo
1659 3088 1700 3137 a
1739 3066 2096 3138 cardinale
2129 3068 2227 3138 ita
2273 3068 2836 3138 commendatum
2882 3090 3035 3139 esse

791 3201 868 3264 ut
902 3194 1049 3265 dux
1088 3192 1377 3264 concilio
1418 3192 1662 3266 eodem
1717 3192 1830 3264 die
1869 3192 1997 3264 sub
2044 3216 2338 3287 vespere
2375 3193 2789 3268 interesset:
2837 3219 2873 3264 «
2898 3192 3037 3266 Nel

791 3319 1173 3391 licentiarsi
1207 3318 1436 3413 pescia
1472 3317 1714 3389 Priolo
1753 3319 1870 3389 dal
1910 3317 2308 3408 Cardinale,
2387 3327 2627 3412 questo
2671 3319 2770 3411 gli
2820 3318 3031 3410 disse,

791 3446 919 3517 che
954 3417 1250 3516 sarehbe
1291 3443 1471 3516 bene
1526 3442 1654 3515 che
1700 3443 1750 3514 il
1801 3444 1975 3516 duca
2014 3445 2075 3515 si
2115 3442 2446 3515 lasciasse
2495 3442 2752 3515 vedere
2802 3443 3035 3540 quella

793 3596 980 3660 sera,
1024 3570 1279 3664 perche
1329 3570 1388 3640 si
1438 3569 1873 3647 trattarehhe
1933 3570 2120 3643 della
2159 3592 2327 3665 pace
2361 3566 2695 3662 generale
2728 3592 2764 3639 e
2794 3567 2864 3638 di
2929 3567 3036 3640 far

793 3715 1064 3802 prestar
1093 3705 1140 3775 il
1180 3704 1625 3798 giuramento
1681 3701 1747 3772 al
1799 3676 2156 3771 marchese
2218 3695 2623 3789 d’Eghetot,
2692 3693 2882 3788 figlio
2924 3692 3035 3765 del

857 4026 877 4062 1
914 4024 1000 4073 Me
1031 4025 1096 4072 de
1117 4021 1712 4081 Motteviele,xxxv1m,
1724 4034 1776 4082 p.
1790 4018 1900 4069 439.
1919 4016 2116 4067 Gualdo
2132 4011 2370 4067 Priorato
2390 4032 2463 4075 xv,
2478 4032 2527 4079 p.
2551 4016 2629 4065 78.
2650 4014 2726 4066 Cf.
2750 4015 2890 4065 aliud
2912 4030 3038 4080 opus

793 4103 1017 4167 ejusdem
1059 4101 1324 4167 scriptoris
1343 4137 1358 4161 ‚
1414 4099 1667 4149 Historia
1716 4099 1807 4148 del
1859 4098 2178 4147 ministerio
2230 4099 2316 4148 del
2370 4099 2666 4147 cardinale
2725 4097 3033 4147 Mazarino

792 4188 981 4250 primo
1015 4184 1283 4233 ministro
1308 4183 1449 4231 della
1483 4194 1695 4229 corona
1714 4179 1778 4227 di
1805 4177 2061 4228 Francia
2090 4180 2363 4228 deser-itta
2391 4177 2475 4226 dal
2509 4177 2670 4227 Conte
2696 4176 2760 4228 G.
2795 4176 3035 4227 Prion-ato

799 4265 1028 4324 Colonia,
1059 4264 1198 4322 1669,
1221 4264 1260 4319 Ι,
1282 4278 1331 4325 p.
1350 4260 1428 4310 69.
1455 4278 1481 4306 α
1508 4260 1611 4309 Per
1632 4257 1866 4307 allettare
1891 4257 2066 4322 poscia
2081 4256 2115 4306 il
2140 4257 2269 4306 duca
2293 4255 2596 4321 Longavilla
2627 4274 2658 4306 a
2679 4255 3035 4306 contravenire

794 4347 843 4395 al
871 4350 1109 4395 concerto
1139 4343 1234 4392 che
1263 4347 1447 4391 teneva
1474 4355 1569 4389 con
1594 4339 1628 4388 11
1654 4338 1860 4401 cognati
1890 4337 1941 4386 di
1976 4353 2079 4387 non
2107 4336 2328 4386 trovarsi
2359 4337 2462 4385 mai
2486 4336 2604 4386 tutti
2629 4341 2705 4384 tre
2741 4335 2957 4385 insieme
2988 4332 3035 4382 al

794 4428 1059 4490 consiglio,
1090 4425 1200 4475 fece
1228 4423 1439 4473 credere
1454 4421 1617 4472 chein
1646 4421 1818 4485 quella
1837 4435 1952 4469 sera
1975 4419 2028 4469 di
2046 4420 2106 4468 18
2134 4419 2338 4469 Genaro
2370 4418 2493 4468 1650
2519 4418 2562 4467 si
2589 4417 2804 4467 sarebbe
2827 4420 3035 4467 trattato

793 4508 1070 4558 dell'affare
1099 4504 1181 4555 del
1204 4503 1466 4553 marchese
1493 4502 1545 4551 di
1570 4502 1824 4557 Beveron‚
1850 4516 1942 4549 suo
1973 4496 2438 4549 confidentissimo:
2469 4498 2600 4547 onde
2634 4512 2726 4561 per
2756 4491 3033 4545 l⁴interesse

792 4589 842 4637 di
879 4588 1100 4637 favorire
1129 4584 1351 4643 l'amicO,
1411 4582 1453 4631 si
1484 4582 1665 4631 scordo
1697 4581 1816 4644 ogn'
1839 4579 1970 4630 altra
1999 4580 2423 4638 consideratione,
2455 4593 2482 4625 e
2508 4593 2607 4625 non
2643 4582 2842 4625 ostante
2872 4576 2966 4626 che
2999 4577 3034 4627 il

792 4670 970 4731 signor
1011 4666 1208 4717 Priolo
1241 4680 1332 4714 suo
1375 4662 1628 4712 familiare
1672 4661 1993 4710 l‘auvertisse
2048 4660 2102 4709 di
2153 4675 2254 4709 non
2304 4657 2467 4707 andar
2506 4657 2555 4706 31
2604 4655 2872 4719 consigno,
2904 4656 3034 4707 volle

790 4748 1021 4799 andarvi.
1053 4767 1079 4795 ιο
1123 4747 1202 4799 Cf.
1232 4760 1435 4810 quoque
1463 4743 1690 4806 Aubery,
1746 4743 1896 4791 Hist.
1928 4742 2005 4790 du
2031 4745 2187 4792 card.
2224 4732 2518 4798 Macaria,
2549 4744 2591 4789 t.
2629 4738 2697 4795 ΙΙ,
2729 4737 2766 4789 1.
2791 4752 2848 4795 v,
2878 4749 2931 4802 p.
2952 4738 3033 4788 70.
