3507 5683
820 692 884 742 28
1487 688 2388 742 DEBENJAM1N1PR10L1

826 826 1053 899 Aliam
1079 827 1288 899 etiam
1310 849 1590 921 oausam
1621 826 1905 920 subjicit
1932 828 2244 916 GrotiuS‚
2265 830 2378 923 qui
2410 829 2499 899 ad
2520 829 3054 901 Oxenstiernam

826 952 1193 1023 scribebat.
1242 978 1276 1021 «
1304 954 1394 1023 At
1421 952 1491 1022 in
1528 951 1801 1023 Rhaetis
1844 976 1984 1024 non
2003 952 2156 1047 jam
2194 953 2605 1047 periculum,
2642 952 2764 1023 sed
2800 952 3057 1044 ingens

824 1085 1052 1148 motus
1080 1085 1358 1149 coortus
1382 1087 1514 1167 est,
1540 1087 1683 1149 tum
1719 1077 1841 1148 illa
1870 1078 2112 1151 eadem
2144 1103 2230 1150 ex
2256 1101 2468 1150 causa
2494 1077 2677 1175 quod
2716 1076 3061 1150 Rhaetiois

822 1201 1223 1273 cohortibus
1272 1224 1429 1296 quae
1477 1202 1724 1274 Galliae
1783 1202 2085 1274 militant
2142 1203 2488 1297 stipendia
2530 1226 2673 1273 non
2724 1202 3056 1275 darentur

824 1339 968 1397 tum
1018 1327 1201 1422 quod
1271 1326 1486 1417 Galli,
1521 1327 1915 1422 praesertim
1969 1327 2249 1421 legatus
2319 1328 2666 1400 Lanerius
2719 1326 3058 1398 minacius

822 1450 1259 1547 ferociusque
1289 1452 1428 1523 illio
1459 1453 1735 1545 egerint
1760 1475 1970 1546 quam
1998 1450 2190 1524 ferre
2214 1463 2503 1547 possunt
2550 1452 2834 1546 ingenia
2860 1459 3056 1523 sueta

824 1577 1191 1679 libertati¹.
1214 1601 1251 1646 »
1281 1579 1457 1649 Dum
1493 1581 1834 1652 Lanerius
1873 1576 2196 1674 (Lanier)
2238 1579 2456 1651 nimia
2486 1578 2703 1649 animi
2726 1575 3057 1671 superbia

822 1703 1100 1775 Rhaetis
1120 1704 1346 1775 minas
1383 1704 1799 1791 intentabat,
1825 1705 2213 1806 jubebatur
2243 1713 2485 1774 contra
2518 1701 2797 1774 Priolus
2827 1702 3060 1774 aduce

822 1828 1193 1901 Rohannio
1232 1829 1437 1901 sinon
1474 1831 1792 1924 pecunia,
1854 1829 2420 1925 quandoquidem
2469 1829 2750 1900 omnino
2784 1828 3054 1915 deerat,

823 1950 1260 2044 benignitate
1297 1952 1548 2024 saltem
1593 1956 1975 2026 verborum
2006 1965 2073 2026 et
2108 1954 2518 2025 abundante
2556 1953 3058 2047 promissorum

822 2077 1018 2171 copia
1037 2076 1339 2150 rebelles
1359 2080 1621 2151 animas
1646 2079 2087 2151 demulcere:
2123 2080 2221 2150 nil
2245 2079 2463 2150 Prioli
2496 2089 2773 2150 naturae
2795 2101 3062 2150 conve-
3144 2094 3151 2101 ‘

824 2203 1123 2274 nientius
1154 2203 1453 2298 reperiri
1481 2214 1788 2297 poterat:
1842 2205 1965 2276 sed
2003 2205 2154 2298 jam
2200 2206 2460 2294 omnia,
2515 2206 2704 2276 circa
2742 2227 3060 2275 mensem

815 2326 1282 2422 septembrem
1355 2330 1572 2418 1636,
1646 2330 2017 2425 profligata
2085 2339 2287 2402 erant
2337 2355 2353 2400 ε
2437 2330 2802 2402 audiamus
2874 2330 3057 2400 enim

825 2454 1277 2525 Rohannium
1320 2456 1545 2548 ipsum
1580 2479 1596 2525 ε
1627 2479 1664 2526 c<
1698 2458 1930 2539 Quant
1964 2456 2004 2526 a
2034 2479 2178 2528 mes
2218 2455 2524 2546 affaireS,
2573 2455 2743 2525 elles
2774 2467 2932 2526 sont
2967 2478 3055 2524 en

825 2580 974 2673 pire
1032 2584 1173 2651 etat
1209 2602 1343 2674 que
1371 2582 1625 2674 jamais
1657 2606 1672 2650 ε
1710 2604 1840 2651 nos
1887 2580 2200 2652 colonels
2246 2590 2314 2653 et
2353 2581 2728 2674 capitaines
2778 2579 3059 2672 grisons

826 2715 947 2777 ont
977 2705 1122 2799 pris
1174 2707 1557 2777 resolution
1588 2706 2120 2779 d'abandonner
2158 2706 2222 2777 le
2270 2708 2368 2778 29
2409 2705 2494 2778 de
2533 2729 2611 2778 oe
2657 2706 2829 2776 mois
2869 2704 3059 2777 leurs

827 2839 1087 2925 posteS,
1123 2830 1208 2903 de
1246 2832 1692 2905 s'assembler
1737 2857 1909 2906 aveo
1939 2835 2131 2907 leurs
2163 2833 2426 2907 soldats
2471 2833 2512 2904 a
2555 2833 2828 2904 Tosane
2868 2843 2936 2904 et
2975 2831 3059 2903 de

829 2955 1068 3026 tacher
1112 2956 1198 3028 de
1234 2954 1413 3029 faire
1448 2959 1744 3054 quelque
1796 2958 2066 3032 revolte
2103 2959 2280 3031 dans
2309 2958 2376 3029 le
2412 2981 2610 3053 pays.
2658 2957 2769 3028 M:
2802 2956 3059 3028 Lanier

826 3092 931 3153 est
968 3082 1110 3154 alle
1145 3081 1185 3154 a
1214 3082 1415 3154 Coire
1452 3107 1628 3177 pour
1684 3086 1924 3158 tacher
1971 3086 2057 3156 de
2113 3085 2407 3156 divertir
2465 3107 2541 3155 oe
2600 3083 3060 3154 malheureux

827 3205 1135 3278 dessein.
1155 3209 1198 3279 J
1205 3206 1271 3302 ’y
1308 3208 1372 3278 ai
1398 3214 1664 3304 envoye
1685 3209 2017 3280 Prioleau
2050 3211 2137 3281 de
2173 3233 2335 3280 mon
2358 3210 2510 3279 cote
2547 3207 2685 3279 afin
2708 3208 2794 3278 de
2822 3206 3059 3279 tacher

828 3331 913 3402 de
945 3331 1049 3404 les
1085 3330 1259 3403 faire
1291 3333 1611 3404 attendre
1638 3333 1755 3404 dix
1795 3358 1883 3405 on
1913 3335 2124 3406 douze
2153 3335 2357 3427 jours
2382 3357 2514 3429 que
2541 3334 2619 3426 je
2640 3333 2928 3427 pourrai
2951 3354 3057 3403 me

828 3455 1000 3529 faire
1053 3468 1294 3552 porter
1347 3481 1436 3530 en
1480 3459 1708 3532 litiere
1747 3459 2122 3555 jusque-la
2151 3455 2203 3531 ².
2251 3486 2285 3528 »
2346 3462 2428 3531 In
2465 3460 2594 3530 hoo
2633 3458 3057 3551 gravissimo

826 3595 1211 3677 temporum
1234 3594 1580 3656 momento
1593 3586 1873 3657 Priolus
1896 3596 2130 3679 partes
2150 3585 2346 3657 duois
2364 3584 2745 3672 Rohannii,
2773 3585 3056 3679 quitum

823 3710 1241 3801 gravissime
1307 3710 1718 3802 aegrotabat,
1773 3710 2077 3804 explevit
2127 3734 2351 3806 neque
2389 3709 2704 3786 frustra:
2764 3709 3057 3781 rebellio

824 3835 1036 3923 enim,
1108 3835 1311 3906 sinon
1372 3857 1724 3929 oppressa,
1773 3859 1896 3930 per
1934 3836 2192 3930 aliquot
2237 3836 2479 3906 saltem
2544 3856 2844 3918 menseS‚
2904 3835 3057 3925 ejus

816 4103 885 4152 du
909 4104 1060 4153 traitd
1081 4104 1180 4154 des
1204 4104 1417 4155 Grisons
1438 4122 1561 4156 aveo
1578 4106 1872 4172 l'Espagnol
1898 4110 2083 4158 toucha
2111 4108 2339 4157 d'autant
2354 4108 2537 4167 ,moins
2565 4106 2612 4155 le
2642 4107 2719 4155 roi
2749 4112 2799 4155 et
2824 4120 2915 4154 son
2943 4118 3057 4152 con·

818 4184 910 4233 seil
931 4183 1082 4249 qu‘ils
1127 4153 1328 4236 avbient
1361 4186 1473 4249 deja
1525 4188 1681 4251 prevu
1713 4194 1821 4237 tout
1857 4204 1914 4236 oe
1942 4190 2030 4252 qui
2061 4188 2268 4251 pouvait
2298 4187 2496 4236 arx-iver
2533 4186 2600 4235 du
2636 4186 2773 4235 refus
2814 4185 2899 4249 qui
2944 4182 3058 4233 leur

815 4265 951 4314 avait
975 4266 1054 4313 ete
1071 4264 1164 4314 fait
1192 4266 1254 4315 de
1279 4266 1327 4316 la
1347 4267 1696 4316 continuation
1721 4268 1783 4316 de
1813 4268 1862 4317 la
1883 4267 2024 4317 solde
2055 4267 2118 4316 de
2139 4267 2251 4316 leur
2271 4267 2398 4315 trois
2420 4267 2701 4330 regiments
2728 4270 2779 4315 et
2797 4265 2887 4315 des
2934 4279 3053 4329 pen·

817 4347 955 4396 sions
976 4347 1069 4397 des
1101 4348 1400 4412 principaux
1433 4348 1496 4396 de
1517 4347 1655 4396 leurs
1684 4347 1867 4412 lignes·
1892 4366 1916 4395 »

890 4428 909 4463 ¹
945 4429 1179 4491 Hugonis
1223 4429 1389 4478 Grotii
1434 4430 1643 4492 reyinae
1677 4430 1950 4492 reynique
1983 4430 2191 4478 Suetiae
2220 4426 2552 4490 ,consiliarii
2583 4435 2637 4477 et
2679 4427 2827 4489 apud
2870 4439 3051 4488 reyem

810 4509 1363 4559 ‘christianissimum
1403 4510 1577 4574 leyati
1609 4509 1850 4573 epistolae
1896 4518 2159 4572 quotquot
2206 4509 2455 4572 reperiri
2484 4515 2814 4570 potuer‘tmt.
2860 4510 3056 4556 Amste-

816 4588 1027 4653 lodami,
1065 4588 1202 4647 1687,
1239 4600 1299 4638 n0
1328 4590 1444 4650 734,
1474 4606 1521 4653 p.
1559 4588 1676 4647 313,
1705 4589 1805 4639 col.
1840 4589 1891 4638 2.

880 4668 902 4703 2
929 4668 1234 4731 Zurlauben‚
1260 4677 1298 4720 t.
1327 4671 1420 4734 111,
1440 4687 1491 4735 p.
1533 4669 1639 4719 186.
1667 4672 1857 4719 Lettre
1893 4670 1958 4718 de
1985 4673 2057 4720 Μ.
2107 4675 2156 4721 le
2177 4673 2283 4721 duc
2315 4671 2380 4718 de
2416 4668 2614 4718 Rohan
2645 4671 2681 4717 ὰ
2708 4667 3056 4719 Bouthillier

816 4746 883 4797 du
915 4747 979 4797 27
1008 4749 1296 4813 septembre
1327 4750 1465 4809 1636,
1495 4750 1564 4798 du
1589 4764 1738 4813 camp
1762 4748 1826 4798 de
1852 4750 2070 4799 Sondrio
2100 4765 2192 4814 par
2221 4748 2531 4799 l'ordinaire.
