3507 5683
804 614 868 665 20
1480 615 1578 665 DE
1614 616 2059 668 BENJAMINI
2093 613 2367 666 PRIOLI

808 750 1085 822 Priolus
1112 728 1273 822 duci
1292 750 1666 823 Rohannio
1697 752 2169 841 consenserit,
2195 771 2406 845 supra
2426 772 2677 823 causas
2705 772 2879 846 quas
2893 750 3044 843 jam

808 874 1136 964 diximus,
1188 897 1399 971 quum
1451 874 1594 947 dux
1648 899 1788 948 non
1839 877 2067 948 solum
2125 899 2251 971 per
2300 872 2623 967 fratrem,
2669 876 2792 948 sed
2832 876 3042 949 etiam

808 1009 1000 1072 motu
1056 1000 1338 1093 proprio
1398 999 1675 1071 vincula
1742 1024 1902 1071 cum
1959 1000 2124 1073 fano
2181 1000 2328 1071 divi
2395 1001 2688 1072 Joannis
2758 999 3042 1095 Angelii

806 1123 1162 1195 nexuisset
1203 1148 1220 1194 t
1264 1124 1552 1214 etenim,
1586 1124 1871 1219 quando
1897 1125 2259 1214 saeviebat,
2285 1124 2640 1198 Ludovico
2678 1125 2947 1198 decimo
2972 1134 3041 1197 et

800 1249 1013 1320 tertio
1077 1258 1446 1349 regnante,
1508 1249 1692 1321 inter
1746 1250 2118 1322 catholicos
2170 1260 2239 1322 et
2305 1261 2679 1326 novatores
2736 1253 3040 1347 primum

804 1372 1061 1445 bellum
1093 1375 1323 1464 civile,
1375 1374 1518 1446 dux
1554 1374 1963 1447 Bullioneus
2017 1375 2399 1472 (Bouillon)
2434 1377 2589 1471 regi
2618 1386 2937 1450 suaserat
2966 1389 3040 1449 ut

801 1498 955 1568 haec
983 1498 1150 1570 urbs
1179 1507 1640 1593 occuparetur
1676 1524 1693 1570 ε
1737 1523 1870 1595 quo
1899 1499 2160 1593 audit0,
2196 1499 2619 1573 Rohannius
2648 1503 2792 1574 dux
2819 1499 3038 1574 fami-

805 1624 1014 1695 liares
1035 1646 1174 1695 una
1194 1633 1261 1695 et
1285 1624 1575 1696 clientes
1599 1626 2037 1715 convocavit,
2064 1635 2132 1698 et
2160 1649 2402 1699 eorum
2424 1627 2685 1700 auxilio
2708 1626 3034 1722 oppidum

802 1748 931 1821 sibi
965 1748 1414 1822 vindicavit¹.
1452 1743 1760 1824 Advenit
1792 1752 2126 1825 Venetias
2155 1754 2295 1825 dux
2323 1754 2567 1850 quinto
2616 1754 2732 1825 die
2771 1753 3039 1825 mensis

800 1877 1086 1967 augusti
1137 1876 1306 1947 anni
1373 1876 1605 1949 16292
1642 1900 1770 1948 nec
1824 1879 2097 1972 quietus
2135 1878 2207 1950 in
2247 1901 2526 1950 secessu
2583 1877 2705 1949 diu
2745 1879 3031 1950 mansit.

801 2003 1031 2086 Quum
1068 2002 1252 2072 enim
1283 2001 1533 2095 gloriae
1555 2002 1872 2075 militaris
1892 2004 2158 2076 recenti
2189 2001 2376 2076 fama
2396 2004 2797 2092 nitesceret,
2825 2003 3036 2075 rebus

800 2126 1228 2198 Venetorum
1264 2126 1450 2221 apud
1488 2126 1915 2221 Valeggium
1953 2128 2369 2222 profligatiS,
2414 2129 2750 2201 exercitui
2790 2129 3033 2222 reipu-

800 2251 999 2323 blicae
1028 2251 1441 2346 praepositus
1480 2262 1613 2342 est,
1663 2277 1800 2350 quo
1832 2278 2122 2326 munere
2153 2252 2330 2325 mi‘re
2365 2251 2645 2325 functus
2671 2263 2776 2326 est
2814 2276 3035 2350 usque

799 2376 888 2449 ad
940 2399 1177 2472 pacem
1235 2375 1779 2450 Cherasconiam
1836 2357 2119 2472 (1631').
2164 2378 2400 2473 Hujus
2439 2378 2738 2474 exempli
2785 2378 3033 2450 memi-

800 2512 998 2574 nerat
1044 2502 1390 2597 posterius
1439 2502 1716 2574 Priolus
1779 2504 1851 2574 in
1906 2503 2194 2599 epistola
2242 2504 2331 2575 ad
2377 2503 2715 2593 VenetOS,
2784 2504 3032 2598 quippe

800 2628 914 2722 qui
936 2626 1275 2699 scriberet
1310 2652 1346 2697 «
1371 2627 1816 2723 Principatus
1859 2627 2233 2731 vestrissrs
2253 2638 2359 2700 est
2397 2628 2614 2699 fidere
2634 2627 3030 2723 peregrinis

797 2775 935 2824 uon
963 2752 1273 2824 desuetae
1295 2753 1571 2825 virtutis
1591 2753 1869 2846 insigne
1902 2779 1967 2825 ›>.
2006 2753 2185 2825 Hinc
2214 2754 2629 2827 Rohannius
2659 2753 3029 2826 Patavium

796 2881 1133 2952 concessit
1182 2905 1314 2976 quo
1367 2881 1586 2955 tutius
1627 2890 1695 2953 et
1730 2881 2067 2976 placidius
2108 2882 2377 2952 viveret
2428 2881 2663 2975 ibique
2724 2879 3029 2953 libellum

797 3008 917 3103 qui
981 3006 1448 3079 adscribitur:
1487 3033 1523 3077 «
1578 3008 1673 3078 Le
1737 3006 1995 3100 parfait
2067 3006 2410 3102 capitaine
2453 3031 2490 3075 »
2546 3006 2935 3101 composuit
2972 3002 3023 3077 ³.

793 3133 1113 3206 Venetiis
1141 3135 1294 3228 jam
1323 3132 1477 3204 sine
1523 3134 1732 3205 dubio
1782 3134 2091 3205 Priolum
2148 3127 2468 3207 noverat.
2516 3155 2553 3201 «
2590 3132 3025 3216 RohanniuS,

794 3260 1017 3355 inquit
1045 3260 1390 3348 Rhodius,
1426 3260 1715 3353 ingenio
1744 3271 1815 3334 et
1852 3243 2355 3334 consuetudine
2384 3258 2607 3331 Prioli
2642 3257 3029 3332 oblectatus

792 3396 898 3462 est
945 3384 1063 3481 qui
1105 3384 1193 3456 ad
1246 3384 1583 3457 invidiam
1629 3385 1906 3457 blandis
1941 3385 2250 3457 moribus
2296 3386 2432 3457 fuit
2487 3410 2502 3455 ε
2541 3389 2758 3458 'tanta
2798 3394 3025 3457 autem

791 3513 928 3584 fide
995 3521 1071 3583 ut
1130 3511 1219 3583 ad
1273 3510 1482 3583 finem
1550 3537 1771 3610 usque
1839 3514 2006 3584 vitae
2073 3513 2394 3584 intimum
2449 3511 2897 3586 consiliorum
2959 3517 3026 3581 et

791 3638 1277 3711 administrum
1308 3637 1438 3708 sibi
1469 3636 1917 3709 adsciverit⁴.
1957 3661 1994 3706 ))
2029 3638 2181 3709 Hoc
2210 3636 2343 3708 fuit
2395 3635 2467 3705 in
2505 3635 2649 3706 vita
2693 3635 2780 3707 B.
2809 3633 3026 3705 Prioli

792 3762 1030 3856 magni
1114 3760 1443 3835 momenti
1503 3785 1519 3831 ε
1605 3760 1702 3831 nil
1766 3770 1916 3832 erat
1989 3760 2339 3833 illustrius
2417 3760 2769 3832 Rohannii
2831 3760 3026 3831 ducis

682 3879 687 3886 ’
793 3887 1121 3960 nomine:
1150 3886 1252 3958 nil
1278 3886 1433 3981 ejus
1455 3910 1595 3957 non
1627 3885 1849 3957 solum
1883 3887 2144 3958 virtute
2176 3886 2489 3973 militari,
2510 3884 2632 3956 sed
2654 3885 3026 3958 severitate

858 4091 877 4126 ¹
912 4089 1165 4141 Histoire
1197 4092 1260 4140 de
1290 4088 1473 4140 Ηεηνί
1503 4090 1610 4136 duc
1633 4090 1698 4138 de
1726 4088 1948 4145 Βοὴαη,
1983 4101 2076 4150 par
2105 4089 2165 4137 1⁴¹.
2200 4088 2262 4138 D.
2294 4087 2557 4148 (Fauvelet
2588 4087 2657 4137 du
2676 4085 3026 4150 Toc)‚‘Pa1·is,

799 4168 937 4231 1666,
966 4187 1015 4235 p.
1051 4170 1133 4219 30.

852 4250 875 4285 ²
905 4252 1074 4315 leid„
1110 4266 1163 4315 p.
1199 4250 1308 4299 143.

852 4331 876 4368 3
906 4331 1079 4391 Ιὸίἀ.,
1106 4346 1154 4394 p.
1184 4328 1294 4393 148,
1326 4329 1431 4381 12¹9.

849 4412 874 4447 ⁴
907 4409 1158 4472 Rhodius,
1212 4426 1262 4475 p.
1293 4410 1342 4462 2.
1378 4410 1582 4468 Prinus
1611 4425 1641 4458 a
1700 4409 1915 4459 Patavio
1946 4409 2187 4459 Venetias
2211 4407 2478 4472 migrarat,
2511 4413 2569 4458 ut
2589 4424 2650 4457 ex
2678 4408 2835 4472 ipsius
2858 4403 3024 4455 verbis

789 4493 840 4542 in
870 4491 1085 4557 epistola
1138 4492 1204 4542 ad
1226 4490 1406 4540 ducem
1452 4496 1524 4551 et⁸
1551 4494 1783 4540 senatum
1831 4490 2144 4539 Venetorum
2172 4495 2389 4540 constat.
2423 4508 2449 4535 «
2481 4490 2615 4538 Hinc
2669 4505 2751 4538 me
2782 4502 3025 4552 excepere

787 4573 1038 4630 Venetiae,
1071 4587 1160 4621 cor
1180 4577 1233 4621 et
1259 4586 1379 4621 cura
1407 4571 1540 4634 coeli,
1570 4569 1775 4620 officina
1835 4568 2134 4633 prudentiae‚
2166 4569 2425 4633 sapientiae
2455 4568 2708 4632 palaestra,
2741 4568 2828 4617 ubi
2871 4566 3024 4616 limen

788 4654 892 4703 adii
916 4652 1073 4704 vestri
1105 4650 1386 4716 regiminis.
1415 4669 1442 4697 η
