3507 5683
759 682 860 759 ιδ’
1429 710 1531 761 nn
1566 706 2012 758 BENJAMINI
2049 707 2333 758 Pmom

761 842 1302 942 genealogique,
1340 854 1407 919 et
1457 845 1528 917 la
1566 841 2021 937 Republique
2058 843 2155 914 lui
2193 844 2482 938 expedia
2527 866 2669 916 une
2722 851 3000 937 patente

762 972 932 1065 qu’il
971 981 1166 1061 recut
1202 973 1290 1044 de
1315 967 1869 1043 l’ambassadeur
1905 951 2256 1057 Grimani,
2293 991 2377 1040 en
2414 969 2630 1057 1660,
2661 990 2832 1041 avec
2859 990 2999 1038 une

762 1099 1010 1181 chaine
1049 1108 1117 1170 et
1157 1096 1478 1169 medaille
1515 1093 1670 1166 d’or
1708 1092 1796 1166 de
1837 1093 2011 1165 trois
2051 1107 2247 1165 cents
2284 1094 2592 1188 pistoles.
2639 1095 2734 1165 Le
2768 1097 2992 1181 senat,

762 1246 891 1318 par
926 1232 1106 1296 cette
1148 1230 1458 1323 patente,
1495 1219 1560 1291 le
1597 1220 1957 1291 reconnait
1994 1218 2196 1290 noble
2250 1218 2608 1292 chevalier
2654 1218 2993 1291 venitien.

765 1350 895 1422 Les
922 1371 1155 1421 armes
1177 1348 1264 1420 de
1300 1347 1369 1420 Ia
1396 1345 1668 1417 maison
1694 1343 1916 1417 Prioli
1938 1354 2094 1416 sont
2129 1368 2218 1416 en
2248 1343 2519 1432 blason,
2545 1345 2881 1439 joignant
2907 1365 2998 1415 au

764 1496 995 1565 sceau,
1040 1483 1107 1545 et
1143 1483 1394 1546 autour
1441 1498 1478 1542 «
1524 1494 1662 1543 non
1711 1469 1903 1559 data,
1953 1494 2093 1543 non
2137 1494 2491 1560 concessa,
2550 1471 2675 1543 sed
2714 1470 2992 1558 adnata,

763 1608 1051 1672 senatus
1085 1599 1455 1672 decreto».
1517 1596 1757 1670 Priolo
1790 1607 1986 1686 recut
2013 1621 2099 1670 en
2125 1600 2347 1670 meme
2368 1610 2589 1694 temps
2624 1620 2760 1669 une
2790 1598 3000 1668 lettre

762 1724 849 1796 de
876 1724 1406 1818 conjouissance
1434 1723 1523 1796 de
1573 1724 1884 1796 Laurent
1925 1721 2163 1813 Prioli,
2226 1722 2679 1816 provediteur
2702 1723 2788 1795 de
2817 1746 2993 1811 mer,

764 1852 882 1945 qui
914 1851 1083 1922 etait
1109 1849 1293 1921 alors
1328 1847 1496 1920 chef
1513 1850 1601 1920 de
1635 1849 1704 1921 la
1729 1847 1992 1921 famille
2021 1846 2071 1918 ¹.
2117 1873 2153 1917 »
2186 1848 2456 1934 Quibus
2494 1871 2619 1941 pro
2645 1846 3023 1920 beneficiis.

761 1975 847 2046 B.
873 1974 1149 2047 Priolus
1171 1975 1526 2047 historiam
1559 2000 1595 2044 «
1631 1974 2092 2046 Serenissimo
2118 1972 2276 2044 duci
2298 1985 2367 2045 et
2394 1982 2696 2066 augusto
2717 1969 3003 2045 senatui'

764 2100 1138 2193 republicae
1159 2100 1589 2171 Venetorum
1628 2123 1663 2167 »
1707 2121 1844 2168 non
1875 2097 2029 2168 sine
2065 2097 2665 2192 magniloquentia
2693 2099 2997 2193 quadam

763 2198 1048 2315 dicavit,
1089 2248 1244 2296 cum
1274 2222 1565 2320 epistola
1592 2225 1666 2294 in
1703 2245 1842 2319 qua
1896 2222 2044 2293 sive
2065 2222 2363 2312 sincere,
2393 2223 2538 2294 sive
2581 2225 2806 2318 potius
2843 2223 2998 2296 ficto

763 2350 980 2421 animi
1017 2359 1234 2438 motu,
1296 2373 1431 2445 quo
1479 2348 1727 2421 melius
1779 2370 1855 2419 se
1898 2371 1986 2418 ex
2037 2347 2266 2418 atavis
2309 2348 2602 2420 Venetis
2649 2350 2997 2444 originem

763 2476 1064 2547 traxisse
1119 2475 1555 2570 profiteatur,
1624 2474 2081 2547 Venetiarum
2133 2471 2377 2545 laudes
2439 2475 2609 2545 satis
2649 2497 2999 2571 superque

762 2599 1069 2673 celebrat
1097 2596 1150 2671 ².
1200 2600 1339 2672 Sed
1382 2600 1469 2672 de
1510 2600 1619 2672 his
1658 2601 2000 2671 hactenus
2041 2621 2057 2666 t
2122 2598 2623 2670 transeundum
2678 2616 2865 2674 nunc
2911 2601 2999 2673 ad

761 2725 846 2796 B.
903 2725 1120 2798 Prioli
1188 2713 1442 2818 tritam,
1527 2728 1856 2821 quoniam
1940 2730 2353 2802 documenta
2416 2730 2673 2801 desunt
2742 2726 2994 2821 quibus

764 2845 965 2946 origo
1019 2853 1079 2949 ej
1093 2877 1175 2925 us
1234 2854 1461 2947 magis
1519 2853 1941 2927 illustretur.

1847 3306 1914 3364 II

859 3526 1272 3618 B.P1·i01us‚
1292 3540 1367 3600 ut
1408 3526 1545 3601 fert
1580 3529 1922 3619 Rhodius,
1941 3529 2130 3625 apud
2150 3529 2494 3633 Santones
2527 3538 2732 3601 natus
2754 3538 2882 3616 est,
2910 3528 2999 3599 ad

764 3652 1006 3724 fanum
1022 3653 1266 3746 Egerii
1298 3654 1449 3724 sive
1477 3654 1640 3724 Divi
1659 3655 1702 3725 J
1708 3655 1954 3731 oannis
1967 3653 2248 3747 Angelii
2269 3654 2441 3749 ipsis
2461 3652 2624 3725 Kal.
2651 3654 2692 3723 J
2696 3675 2810 3725 an.
2830 3654 2997 3725 anni

764 3778 1053 3850 secundi
1088 3797 1301 3872 supra
1331 3778 1779 3851 millesimum
1820 3780 2402 3851 sexcentesimum
2440 3776 2489 3848 ³.
2537 3778 2746 3850 Pater
2774 3776 2990 3865 illius,

718 3967 722 3971 .
765 3904 1076 3999 quisquis
1112 3900 1352 3992 fuerit,
1378 3914 1795 3975 novatorum
1835 3903 2164 3997 religioni
2202 3902 2634 3992 adhaerebat,
2671 3901 3000 3997 quando-

766 4026 1042 4122 quidem
1079 4038 1312 4099 noster
1354 4028 1740 4122 baptisatus
1779 4026 1908 4099 fuit
1948 4028 2079 4099 sub
2112 4028 2310 4100 titulo
2359 4039 2427 4099 et
2466 4027 2685 4100 tutela
2722 4027 2998 4121 Benja-

766 4152 939 4223 mini
983 4153 1365 4242 Rohannii‚
1411 4152 1661 4226 fratris
1710 4152 2144 4225 celeberrimi
2201 4153 2393 4225 ducis
2447 4151 2798 4225 Rohannii
2877 4152 2995 4248 qui

767 4276 1033 4373 aliquot
1058 4289 1213 4372 post
1240 4279 1473 4363 annis,
1508 4278 1775 4351 bellum
1798 4266 2005 4351 civile
2034 4278 2376 4351 adversus
2401 4278 2824 4351 Ludovicum
2849 4286 3001 4349 ter-

829 4515 848 4550 ¹
883 4513 1063 4578 Bayle,
1097 4516 1247 4565 Dice.
1284 4518 1400 4565 Art.
1433 4514 1630 4573 Priolo.
1664 4532 1714 4580 p.
1751 4514 1863 4566 814.

827 4593 851 4630 ²
878 4593 1100 4645 PrioluS.
1129 4594 1387 4658 Epistola
1413 4594 1545 4643 duci
1576 4600 1628 4643 et
1656 4608 1788 4656 auy.
1815 4609 1927 4643 se‘n.
1977 4594 2333 4654 Venetorum,
2380 4596 2592 4660 passim.

823 4673 848 4708 ³
877 4674 1130 4734 Rhodius,
1159 4690 1211 4738 p.
1244 4673 1508 4733 1,Priolus
1536 4674 1627 4730 Vl,
1658 4689 1709 4739 p.
1730 4673 1875 4723 67-68
1907 4692 1931 4721 ι(
1965 4674 2040 4723 Ibi
2060 4675 2134 4735 (iu
2155 4674 2274 4724 fano
2298 4690 2451 4740 supra
2470 4676 2629 4739 dicto)
2645 4691 2758 4725 mea
2788 4675 3000 4724 infantia

765 4754 942 4820 vagiit,
979 4754 1063 4803 hic
1095 4770 1266 4804 aerem
1296 4753 1697 4828 primumuhausi,
1730 4773 1756 4801 ιι
