3507 5683
1258 639 1459 689 VITA
1492 640 1591 690 ΕΤ
1625 637 2001 689 SCRIPTIS
2690 637 2752 688 59

509 795 750 866 quum,
778 773 1171 868 profligatis
1200 775 1358 849 licet
1411 777 1646 865 rebuS,
1690 801 1728 848 e
1767 775 2143 870 naufragio
2174 787 2408 850 tamen
2452 777 2748 850 evadere

509 909 854 993 speraret,
893 898 1265 973 dummodo
1316 925 1470 974 cum
1513 903 1811 997 captivis
1878 902 2178 998 colloqui
2217 912 2482 1000 posset,
2521 927 2748 1001 neque

507 1025 814 1097 nesciret
835 1035 1165 1121 quantum
1196 1027 1713 1122 Longavillaeus
1744 1028 1960 1099 Prioli
1996 1029 2279 1121 ingenio
2325 1039 2393 1101 et
2434 1029 2747 1101 solertiae

506 1149 856 1223 confidere
886 1162 1072 1225 esset
1110 1152 1393 1244 solitUS,
1430 1176 1587 1224 eum
1606 1153 1736 1224 sibi
1770 1154 2095 1225 comitem
2136 1154 2530 1248 adjungere
2573 1177 2747 1225 con-

505 1275 848 1348 stituerat.
911 1280 992 1349 In
1041 1301 1120 1349 eo
1181 1302 1418 1351 rerum
1477 1288 1828 1350 momento
1892 1280 2200 1351 Priolum
2256 1279 2745 1351 fidelissimum

507 1409 759 1473 testem
785 1412 853 1474 et
895 1405 1230 1495 optimum
1253 1415 1700 1477 narratorem
1741 1404 2132 1498 reperimus
2165 1430 2180 1475 ε
2226 1405 2526 1498 explicat
2554 1406 2742 1477 enim

505 1525 577 1598 in
596 1525 888 1599 historia
917 1530 1254 1622 quomodo
1276 1530 1685 1619 cardinalis,
1702 1531 2016 1603 Havram
2037 1553 2283 1602 versus
2300 1553 2425 1625 per
2441 1531 2743 1602 ‘mediam

388 1704 393 1709 ·
501 1651 1035 1744 Normanniam‚
1084 1655 1458 1748 magnifico
1507 1656 1867 1747 comitatu,
1919 1655 2196 1751 populis
2262 1656 2741 1748 spectantibus

503 1778 637 1849 iter
655 1778 1037 1851 instituerit
1063 1807 1098 1851 <t
1123 1780 1410 1869 Eadem,
1429 1782 1678 1875 inquit,
1697 1780 1842 1853 oris
1871 1782 2264 1853 constantia
2294 1760 2458 1877 quae
2476 1782 2740 1854 valenti

503 1901 824 1977 adfuerat
871 1905 1247 1978 abeuntem
1293 1908 1786 1980 comitabatur:
1843 1907 2012 1979 Sine
2061 1908 2205 1980 ulla
2271 1909 2740 1982 ostentatione

502 2029 787 2125 agendi,
819 2040 893 2102 ut
932 2033 1086 2126 ejus
1128 2056 1303 2123 mos,
1350 2055 1507 2127 quae
1534 2032 1812 2126 agenda
1834 2041 2057 2120 erant,
2103 2042 2478 2104 curaverat
2519 2056 2533 2101 :
2580 2056 2738 2104 mo-

500 2157 695 2229 ribus
743 2158 991 2252 vigore
1042 2182 1123 2230 ac
1176 2158 1471 2230 lenitate
1520 2159 1617 2229 ita
1657 2157 1894 2230 mixtis
1925 2168 1999 2229 ut
2043 2157 2284 2230 nullus
2325 2148 2736 2253 tranquilli-

503 2295 713 2357 tatem
740 2285 1045 2357 validius
1066 2285 1391 2378 diligeret
1424 2295 1544 2356 aut
1571 2282 1847 2357 facilius
1889 2282 2242 2357 sufficeret
2272 2285 2668 2378 tempestati
2712 2309 2727 2354 ε

499 2411 620 2481 ubi
657 2435 770 2483 res
799 2411 1115 2505 vigiliam
1133 2412 1451 2504 exigeret
1482 2412 1833 2482 exsomnis
1866 2431 1880 2485 :
1937 2409 2297 2482 tantumin
2327 2409 2452 2480 illo
2472 2408 2735 2481 discor-

494 2538 701 2611 dante
729 2539 1007 2610 fortuna
1033 2547 1109 2609 ut
1140 2539 1247 2608 cui
1282 2537 1484 2609 modo
1503 2537 1591 2607 ad
1621 2537 1948 2608 victorias
1969 2545 2158 2608 terra
2184 2534 2490 2607 defuisse
2527 2533 2731 2606 vide-

492 2674 710 2753 retur,
769 2663 1043 2736 deesset
1090 2660 1491 2758 perfugium
1552 2673 1621 2735 et
1673 2662 1858 2758 asyli
1903 2662 2153 2734 locus:
2213 2685 2291 2732 ac
2346 2659 2527 2756 quod
2588 2682 2731 2731 non

493 2789 824 2862 credibile
868 2790 1052 2863 inter
1097 2797 1195 2861 tot
1251 2788 1610 2861 devinctos
1663 2788 1867 2883 pauci
1916 2810 2119 2882 opem
2172 2785 2568 2881 praeberent
2595 2777 2645 2859 ¹ss
2685 2809 2723 2854 »

490 2915 840 2999 Quantum
870 2924 1101 2989 autem
1128 2917 1203 2986 in
1237 2915 1366 2986 hac
1414 2914 1897 2986 turbidissima
1933 2921 2340 3007 tempestate
2369 2911 2727 2984 Mazarino

489 3042 942 3130 constantia,⁸
1011 3042 1221 3113 animi
1281 3050 1348 3113 et
1411 3040 1721 3135 corporis
1780 3040 2053 3133 vigore,
2111 3038 2481 3133 vigilantia
2553 3063 2727 3134 opus

487 3166 729 3257 fuerit,
763 3167 948 3261 apud
971 3167 1283 3239 Priolum
1321 3166 1723 3260 legendum,
1772 3188 1985 3261 quum
2007 3166 2325 3260 plerique
2356 3166 2475 3260 qui
2503 3167 2730 3238 comi-

489 3294 839 3381 tabantur,
871 3295 944 3363 in
973 3293 1173 3390 pejus
1201 3291 1582 3364 cardinalis
1609 3290 1895 3363 fortuna
1924 3300 2196 3380 ruente,
2231 3292 2304 3362 in
2326 3267 2727 3386 despectum

487 3423 634 3514 ejus
666 3420 928 3492 sensim
964 3418 1498 3490 inclinarentur.
1544 3442 1581 3487 α
1624 3417 1735 3487 Ad
1781 3415 2056 3489 tertiam
2078 3419 2529 3491 metationem
2569 3415 2728 3489 cul—

486 3556 599 3620 tus
642 3547 717 3617 in
755 3546 1186 3617 Mazarinum
1222 3545 1658 3616 obsolescere
1694 3565 1923 3639 neque
1954 3542 2141 3626 enim
2181 3543 2549 3615 Gallorum
2587 3553 2720 3632 est,

485 3674 622 3745 nisi
668 3695 786 3743 eos
834 3695 1082 3743 severe
1142 3671 1430 3759 habeaS,
1494 3670 1614 3740 diu
1665 3670 1737 3739 in
1800 3669 2127 3764 obsequio
2192 3692 2634 3763 permanere.
2684 3693 2721 3739 »

482 3798 701 3870 Addit
756 3821 1029 3893 quoque
1078 3796 1391 3888 PrioluS,
1432 3819 1572 3867 non
1628 3796 1781 3867 sine
1835 3794 2129 3891 quadam
2166 3794 2417 3867 calami
2457 3795 2722 3867 alacri-

484 3933 627 3995 tate
664 3949 679 3994 :
722 3950 787 3994 ,α
821 3924 964 3994 Pro
996 3923 1333 4016 praesenti
1363 3931 1553 3993 sorte
1592 3921 1893 3992 blandus
1923 3922 1999 3991 in
2026 3943 2266 3991 omnes
2296 3920 2718 4012 CardinaliS,

483 4050 778 4145 ideoque
854 4047 1085 4118 statim
1155 4047 1536 4140 despectui,
1595 4046 1976 4141 perrumpi,
2050 4068 2188 4116 non
2247 4046 2505 4116 intrari
2568 4046 2721 4138 ejus

482 4165 900 4262 cubiculum,
967 4172 1421 4245 tumultuarie
1480 4194 1747 4245 mensae
1810 4170 2159 4263 adsidere,
2236 4194 2511 4264 rapere,
2572 4194 2722 4242 non

484 4323 757 4372 sumere
785 4300 997 4389 cibos,
1039 4301 1322 4393 garrire
1361 4324 1443 4371 ac
1471 4324 1547 4371 se
1584 4308 1823 4371 mutuo
1853 4298 2307 4393 interpellare
2347 4297 2464 4394 qui
2514 4307 2724 4370 antea

481 4424 853 4495 humillimi
881 4430 1393 4495 assentatores:
1439 4446 1656 4518 eques
1684 4422 2016 4495 lascivire
2056 4431 2125 4493 et
2160 4422 2230 4490 in
2258 4420 2523 4493 oblatos
2557 4443 2721 4514 gre-

546 4701 565 4736 1
599 4697 821 4757 Priolus,
850 4713 930 4761 w,
952 4712 1001 4761 p.
1023 4697 1055 4745 2
1082 4701 1132 4745 et
1159 4695 1210 4747 3.
