3507 5683
742 607 800 657 12
1405 603 1507 654 DE
1540 600 2305 653 BENJAM1N1PR10L1
2399 572 2413 591 '

736 744 1076 836 pervertit
1113 739 1135 781 ¹
1177 766 1192 811 t
1236 740 1356 813 alii
1385 740 1591 812 etiam
1640 738 2073 812 contendunt
2091 762 2250 810 eum
2275 759 2526 824 revera
2553 738 2975 834 appellatum

738 889 894 938 esse
934 891 973 937 «
1017 867 1230 938 Prion
1266 890 1302 936 >³
1328 864 1511 961 quod
1538 865 1609 935 in
1641 863 1859 936 Prioli
1884 886 2138 936 nomen
2156 863 2376 937 latine
2406 873 2721 936 verterat
2736 861 2787 933 ².
2817 862 2975 935 Alia

739 1016 824 1065 ex
836 1001 1061 1087 parte,
1086 990 1361 1063 Priolus
1383 989 1587 1062 modo
1606 1013 1789 1079 sese,
1835 1013 1872 1059 «
1907 988 2240 1062 Prioleau
2273 1014 2310 1059 ›>
2338 989 2567 1078 mod0,
2607 1012 2645 1058 «
2670 987 2909 1060 Priolo
2934 1011 2972 1057 >³

698 1134 703 1141 ’
737 1116 1143 1190 nominabat
1169 1116 1539 1211 potiusque
1571 1115 1701 1186 hoc
1730 1136 1943 1210 quam
1981 1114 2156 1187 illud
2185 1113 2495 1209 epistolis
2531 1113 2975 1186 subscribere

738 1241 996 1315 solebat
1030 1239 1056 1280 ³
1113 1266 1130 1312 ε
1194 1264 1334 1313 non
1400 1240 1606 1312 aliter
1662 1239 2067 1312 Mazarinus
2127 1238 2198 1309 in
2261 1237 2618 1310 codicibus
2678 1238 2978 1333 utraque

736 1366 1199 1463 appellatione
1217 1365 1440 1436 utitur
1452 1362 1479 1405 ⁴
1505 1389 1520 1434 :
1549 1363 2014 1435 Mottavillaea
2030 1371 2266 1435 autem
2284 1363 2360 1433 in
2384 1359 2973 1453 commentariis⁵,

734 1491 1046 1565 Gualdus
1081 1490 1445 1562 Prioratus
1483 1489 1561 1560 in
1612 1483 1904 1562 historia
1947 1513 1984 1558 «
2022 1487 2262 1560 Priolo
2298 1484 2326 1526 ⁶
2365 1512 2401 1558 ›>
2438 1488 2785 1560 scribunt.
2829 1489 2978 1561 Res

735 1617 1020 1714 quidem
1057 1640 1196 1687 non
1230 1615 1408 1687 levis
1475 1615 1807 1687 momenti
1865 1613 2181 1686 habenda
2222 1638 2239 1684 t
2285 1622 2552 1710 spectat
2633 1614 2821 1685 enim
2891 1613 2981 1686 ad

735 1744 959 1838 ipsam
996 1742 1082 1813 Β.
1111 1740 1328 1812 Prioli
1367 1737 1653 1813 familiae
1688 1739 2034 1834 originem
2077 1739 2164 1810 de
2198 1761 2362 1834 qua,
2405 1748 2720 1832 tempore
2756 1739 2979 1833 ipsius

735 1867 979 1959 Prioli,
1034 1865 1651 1938 vehementissima
1680 1865 1769 1937 lis
1809 1864 2198 1959 agebatur:
2238 1865 2491 1960 quippe
2541 1863 2981 1958 gloriabatur

737 2001 978 2064 noster
1023 1991 1479 2064 nobilissimis
1525 1992 1753 2064 atavis
1800 2015 1888 2063 ex
1943 1991 2242 2063 Venetia
2290 1990 2641 2086 quondam
2694 1992 2867 2063 ortis
2903 1989 2972 2063 ⁷:

738 2117 1001 2189 inimici
1022 2127 1266 2190 contra
1288 2141 1444 2189 eum
1466 2140 1552 2188 ex
1573 2116 1988 2211 parentibus
2018 2115 2295 2210 gallicis
2327 2123 2396 2187 et
2417 2116 2570 2187 sine
2595 2115 2807 2188 dubio
2840 2115 2973 2188 bu-

738 2242 1052 2315 millimis
1102 2243 1286 2315 diem
1341 2242 1620 2314 duxisse
1683 2251 1750 2313 et
1798 2244 2163 2314 nominum
2229 2241 2702 2314 similitudinis
2749 2241 2980 2334 gratia

741 2368 1046 2462 majores
1097 2367 1185 2439 ab
1233 2367 1708 2439 illustrissima
1760 2367 2060 2463 quadam
2101 2366 2535 2440 Venetorum
2576 2375 2790 2460 gente
2829 2389 2980 2440 esse

740 2491 1044 2566 furatum
1088 2490 1564 2565 affirmabant.
1637 2492 1807 2578 Quae
1845 2516 2057 2588 quum
2095 2494 2194 2564 ita
2245 2493 2411 2581 sint,
2469 2490 2876 2580 videndum,
2921 2492 2981 2562 si

740 2619 943 2712 potis,
989 2617 1124 2712 qua
1151 2617 1224 2687 in
1256 2626 1455 2711 parte
1498 2617 1766 2689 steterit
1810 2612 2097 2689 veritas.
2144 2616 2466 2689 Rhodius
2499 2625 2565 2688 et
2595 2624 2748 2711 post
2772 2616 2979 2688 Rho-

742 2743 930 2815 dium
963 2741 1248 2838 Baylius
1301 2752 1369 2814 et
1405 2742 1664 2819 Nicero
1710 2743 1829 2838 qui
1871 2765 2032 2815 eum
2067 2740 2217 2813 fere
2255 2742 2330 2813 in
2386 2741 2708 2813 omnibus
2763 2741 2979 2814 rebus

808 3045 826 3079 1
858 3044 1209 3095 Sorberiana
1239 3044 1360 3093 sive
1401 3052 1663 3108 excerpta
1695 3058 1766 3094 eoo
1795 3058 1891 3094 ore
1921 3042 2205 3094 Samuelis
2244 3045 2528 3104 Sorbiere,
2567 3044 2792 3103 Tolosae,
2835 3040 2975 3099 169⁴,

744 3138 795 3188 p.
834 3122 942 3173 191.

806 3204 829 3239 2
862 3204 1060 3255 Grand
1079 3204 1470 3256 dictionnaire
1494 3206 1805 3269 historique
1832 3210 1898 3257 de
1922 3206 2153 3265 Moreri,
2186 3206 2379 3256 edition
2413 3206 2554 3257 1759.
2586 3206 2781 3255 Article
2803 3202 2981 3255 Priolo

746 3297 772 3328 α
797 3283 871 3331 La
892 3282 1055 3331 Faille
1082 3283 1175 3345 dit,
1187 3283 1314 3333 dans
1335 3299 1416 3332 ses
1435 3284 1690 3334 additions
1718 3300 1817 3334 aux
1847 3286 2104 3336 Annales
2126 3287 2194 3335 de
2220 3286 2502 3345 romense,
2531 3292 2566 3336 t.
2590 3287 2654 3344 11,
2679 3300 2776 3349 que
2805 3281 2980 3334 Priolo

700 3429 708 3437 .
744 3364 864 3412 etait
901 3362 1227 3427 d'Auvergne
1270 3368 1322 3413 et
1362 3379 1459 3428 que
1493 3379 1583 3414 son
1621 3364 1869 3414 veritable
1913 3381 2033 3414 nom
2075 3365 2198 3415 etait
2253 3366 2418 3415 Priou
2441 3365 2565 3429 qu'il
2609 3365 2746 3438 avait
2776 3362 2981 3414 latinise

746 3444 969 3495 Priolus.
1005 3463 1030 3493 »

804 3524 828 3560 3
855 3527 1154 3575 Me'moires
1183 3528 1249 3576 de
1272 3528 1689 3588 Same-Simon,
1744 3527 1936 3577 edition
1967 3529 2032 3577 A.
2065 3528 2130 3577 de
2154 3528 2410 3584 Boislisle,
2452 3527 2591 3589 1879,
2632 3533 2670 3579 t.
2708 3527 2749 3586 1,
2784 3542 2833 3592 p.
2869 3526 2978 3584 183,

742 3609 860 3653 note
887 3605 933 3654 3.
967 3605 1011 3654 11
1041 3605 1231 3668 signait
1268 3605 1422 3671 quelq
1434 3606 1595 3656 uesois
1620 3608 1648 3655 a
1689 3607 1738 3655 la
1769 3607 2051 3671 franqaise:
2084 3608 2325 3657 Prioleau
2357 3609 2574 3668 (Museo
2602 3609 2692 3656 des
2724 3607 2979 3657 arohives

738 3685 1074 3746 nationales,
1115 3696 1174 3735 n⁰
1212 3686 1346 3742 841).
1377 3688 1592 3736 Lettres
1646 3687 1890 3737 ine'dites
1931 3690 1997 3737 de
2042 3688 2355 3749 Benja‘min
2383 3686 2842 3751 Priol0,publiees
2888 3701 2981 3751 par

740 3762 838 3812 Ph.
868 3764 1107 3828 Tamizey
1131 3765 1194 3815 de
1229 3767 1514 3830 Larroque.
1548 3767 1741 3830 'Pom-S,
1774 3767 1914 3817 1877.

725 3882 731 3888 .
798 3843 823 3878 ⁴
855 3844 1086 3894 Camets
1104 3848 1172 3895 de
1204 3846 1500 3909 Mazarin,
1536 3846 1670 3896 Bibl.
1703 3852 1807 3895 nat.
1845 3849 2014 3909 fonds
2055 3848 2289 3908 Balzwe,
2326 3848 2432 3897 174.
2471 3850 2679 3899 Carnet
2714 3847 2790 3910 13,
2821 3847 2866 3895 f⁰
2905 3844 2980 3903 13,

738 3934 808 3973 r0.
844 3923 1055 3974 Car-‘net
1080 3926 1157 3984 10,
1181 3942 1231 3991 p.
1253 3927 1316 3975 28
1341 3931 1392 3975 et
1413 3927 1493 3985 34,
1526 3932 1625 3977 etc.

800 4004 823 4038 5
854 4004 1131 4054 Me'moire
1159 4006 1224 4055 de
1245 4007 1508 4057 Madame
1529 4009 1596 4056 de
1631 4007 1949 4066 Motteville‚
1983 4006 2099 4058 coll.
2134 4006 2328 4057 Petitot
2364 4008 2663 4067 XXXVIII,
2689 4021 2741 4070 p.
2772 4004 2884 4063 439,
2912 4003 2979 4055 cf.

736 4083 871 4132 aussi
897 4084 1188 4133 Me'moires
1221 4085 1430 4135 ine'dits
1460 4090 1528 4136 de
1553 4088 1721 4135 Loais
1760 4087 1947 4136 Hem-2·
1978 4089 2043 4136 de
2074 4088 2360 4149 Lomenie,
2392 4094 2565 4135 comte
2598 4088 2662 4135 de
2696 4086 2979 4143 Brienne,

737 4162 963 4227 publiees
988 4178 1082 4227 par
1106 4165 1163 4213 F.
1196 4164 1449 4224 Barriere,
1478 4166 1618 4223 1828,
1646 4171 1681 4216 t.
1708 4168 1775 4225 ΙΙ,
1806 4182 1855 4230 p.
1882 4167 1907 4215 1
1930 4168 1960 4215 a
1985 4166 2033 4216 7.

801 4244 822 4277 ⁶
853 4244 1112 4293 Historia
1140 4245 1278 4293 delle
1318 4246 1677 4295 Revolutioni
1729 4247 1789 4296 di
1837 4248 2094 4296 Francia
2145 4263 2246 4297 con
2280 4250 2337 4297 la
2381 4250 2808 4299 continuatione
2829 4247 2981 4299 della

736 4336 952 4383 querra
975 4327 1068 4369 tra
1097 4324 1145 4370 le
1166 4325 1273 4371 due
1303 4336 1498 4371 corone
1524 4327 1607 4373 del
1634 4339 1710 4373 σο.
1738 4324 1953 4374 Gualdo
1987 4325 2251 4375 Prioralo
2284 4329 2423 4386 (sans
2454 4326 2611 4385 date),
2634 4326 2668 4375 l.
2704 4326 2794 4386 1v,
2818 4342 2868 4391 p.
2898 4327 2977 4377 78.

800 4400 824 4435 ⁷
849 4401 916 4450 Β.
938 4400 1127 4449 Prioli
1163 4404 1233 4451 ab
1268 4416 1500 4452 excessu
1533 4404 1803 4452 Ludovici
1841 4405 2008 4453 XIII
2042 4407 2109 4454 de
2133 4403 2294 4454 rebus
2313 4406 2531 4467 yacciois
2560 4406 2977 4469 Historiarum,

734 4476 853 4525 libri
886 4477 1000 4535 XII,
1027 4475 1317 4541 Carolopoli
1352 4477 1493 4529 1665.
1547 4479 1777 4542 Epistola
1798 4480 2126 4529 serenissimo
2158 4480 2274 4530 duci
2302 4487 2354 4529 et
2382 4488 2600 4544 augusto
2632 4483 2830 4531 senatui
2878 4484 2975 4532 rei·

641 4613 646 4619 .
739 4554 957 4620 publicae
990 4556 1324 4616 Venetorum,
1358 4558 1567 4620 passim.
1601 4574 1626 4605 «
1658 4558 1699 4607 Ο
1730 4560 1926 4623 patria!
1962 4574 1993 4607 o
2028 4560 2154 4608 vasti
2189 4561 2358 4625 pelagi
2382 4562 2720 4611 dominatrIx!
2759 4576 2982 4623 agnosce

737 4642 879 4686 tuum
909 4635 1091 4697 civem,
1121 4634 1202 4684 vel
1233 4637 1342 4685 solo
1363 4637 1570 4686 nomine
1604 4637 1783 4699 Prion,
1821 4638 1912 4687 tibi
1933 4637 2190 4695 dilectum,
2234 4658 2260 4689 ι
