3507 5683
1234 662 1438 713 vi‘rA
1474 664 1570 714 ET
1604 663 1972 715 SCRIPTIS
2660 652 2722 717 53

488 800 973 897 Longavilla¹.
1006 827 1042 873 ›>
1089 802 1240 874 Nec
1274 802 1480 874 aliter
1527 803 1843 874 Priolus:
1887 804 2307 877 «Hactenus
2332 805 2725 879 Mazarinus

488 928 1041 1023 Longavillaeum
1067 950 1109 999 a
1135 927 1463 1000 societate
1500 929 1804 1001 carceris
1835 941 2338 1024 segregaverat
2366 936 2382 1000 τ’
2424 932 2548 1003 sed
2572 955 2728 1004 cum

488 1055 624 1125 viri
644 1062 787 1126 tam
803 1054 1084 1126 dubiam
1095 1053 1302 1124 fidem
1323 1054 1762 1147 experiretur
1779 1054 1937 1148 pari
1956 1055 2163 1128 ruina
2176 1080 2329 1127 cum
2350 1055 2545 1127 affini
2566 1064 2727 1129 eum'

457 1178 848 1251 ‘involvere
885 1179 1126 1251 statuit
1155 1175 1207 1248 ².
1238 1203 1275 1248 ›>
1309 1177 1606 1250 Videtur
1639 1180 1735 1252 ita
1763 1203 1844 1252 eo
1878 1179 2141 1251 verbo:
2193 1207 2230 1251 «
2263 1182 2649 1272 HactenuS,
2687 1208 2725 1254 »

492 1311 631 1374 tam
653 1311 843 1374 certo
862 1303 1080 1375 limite
1100 1302 1474 1375 cardinalis
1490 1304 2207 1398 propositumPriolus
2228 1306 2732 1381 determinasse

490 1438 566 1502 ut
614 1428 782 1499 mihi
836 1428 1119 1499 minime
1165 1426 1454 1500 dubium
1497 1428 1584 1500 sit
1610 1427 1812 1500 illum
1854 1430 1941 1501 de
1988 1431 2392 1525 captivitate
2442 1434 2733 1527 Longa-

491 1553 735 1645 villaei,
769 1563 1150 1648 antequam
1185 1553 1410 1643 fieret,
1450 1554 1942 1648 praemonitum
1972 1579 2152 1645 esse,
2182 1556 2311 1628 etsi
2337 1558 2412 1638 in
2442 1557 2731 1631 historia

495 1704 650 1754 sese
698 1679 930 1751 omnia
988 1689 1344 1771 expertum
1410 1702 1562 1752 esse
1612 1689 1690 1751 ut
1732 1680 1981 1752 ducem
2028 1681 2120 1753 ab
2174 1682 2363 1753 omni
2421 1683 2732 1778 periculo

496 1814 920 1894 secerneret,
999 1806 1090 1876 sit
1150 1803 1532 1900 professus,
1606 1805 1946 1878 Narravit
2009 1831 2222 1903 porro
2294 1833 2376 1881 eo
2456 1806 2734 1883 facilius

495 1957 652 2029 quae
695 1937 928 2006 omnia
970 1934 1042 2005 in
1098 1931 1475 2004 constituta
1523 1932 1635 2004 die
1682 1930 1946 2004 fuerint
1995 1930 2209 2023 facta,
2257 1935 2443 2031 quod
2482 1946 2549 2008 et
2586 1935 2736 2030 ipse

497 2059 751 2155 ubique
783 2082 1098 2155 praesens
1168 2057 1613 2132 interfuerat.
1673 2058 2035 2131 Nonnulla
2082 2068 2242 2130 sunt
2271 2068 2507 2131 tamen
2546 2085 2728 2157 quae,

496 2195 571 2258 ut
628 2181 977 2258 videbitur
1008 2240 1025 2273 ,
1094 2183 1374 2257 silentio
1448 2183 1908 2278 praetermiit,
1981 2183 2087 2254 sui
2156 2207 2442 2279 suaeque
2529 2183 2735 2257 famae

502 2310 903 2383 cautissime
953 2309 1305 2405 providus.
1383 2309 1621 2402 Ipsum
1674 2315 1908 2380 autem
1954 2308 2321 2380 audiamus
2362 2335 2377 2380 :
2441 2335 2477 2380 «
2533 2308 2737 2382 Tan-

501 2434 655 2506 dem
716 2436 906 2508 venit
973 2435 1361 2508 decretoria
1427 2433 1603 2523 dies,
1667 2432 1932 2503 decima
1973 2441 2217 2505 octava
2264 2431 2398 2505 fuit
2425 2434 2738 2528 januarii

503 2562 760 2633 mensis
823 2583 1008 2633 anno
1053 2561 1243 2632 1650
1281 2581 1414 2654 qua
1456 2558 1637 2630 hene
1689 2580 1894 2629 mane
1948 2555 2139 2628 adfui
2210 2558 2593 2648 Mazarino,
2660 2568 2737 2630 ut

503 2711 696 2760 meus
751 2710 937 2777 mOS,
1018 2686 1298 2758 nomine
1354 2687 1561 2756 trium
1610 2683 1998 2778 principum
2044 2683 2364 2778 quaedam
2430 2707 2568 2755 non
2635 2670 2737 2757 'ita

502 2816 742 2908 magni
800 2812 1127 2886 momenti
1187 2820 1590 2906 rogaturus.
1650 2811 1877 2913 Intrat
1918 2810 2352 2906 postmodum
2398 2810 2739 2884 Condaeus

504 2940 622 3035 qui
683 2941 847 3012 dum
912 2939 1197 3012 auribus
1246 2938 1642 3011 Cardinalis
1696 2938 1968 3011 allabor
2031 2946 2101 3010 et
2151 2938 2427 3034 incepta
2472 2962 2738 3034 perago

500 3064 760 3138 Lioneo
781 3064 1229 3137 familiariter
1251 3066 1481 3137 nescio
1503 3066 1665 3160 quid
1690 3064 2207 3136 insusurrabat.
2246 3064 2737 3137 Discedentem

503 3213 612 3262 me
661 3199 896 3262 monet
940 3189 1284 3262 Condaeus
1340 3189 1894 3282 Longavillaeum
1959 3191 2486 3281 accersendum,
2543 3191 2731 3284 quia,

501 3339 657 3388 cum
715 3316 801 3387 de
856 3315 1175 3386 Couturii
1233 3316 1546 3410 captione
1617 3323 1979 3409 ageretur,
2043 3322 2322 3409 poterat
2391 3315 2737 3387 moderari

505 3441 749 3530 motui,
806 3440 866 3511 si
924 3441 1078 3535 quis
1129 3438 1552 3528 oboriretur,
1612 3463 1737 3534 per
1788 3438 2221 3512 Corinthium
2275 3450 2606 3533 agnatum
2671 3449 2741 3513 et

504 3557 892 3638 amicum.›)'
916 3566 1112 3637 Bene
1138 3564 1382 3637 habet:
1417 3565 1570 3636 haec
1593 3574 1756 3660 sunt
1784 3586 1941 3659 quae
1964 3564 2330 3636 retulimus
2361 3562 2470 3635 hel
2482 3563 2544 3635 le
2571 3563 2741 3635 des-

502 3692 747 3786 cripta,
804 3691 1078 3762 reticuit
1124 3700 1355 3764 autem
1396 3689 1676 3761 Priolus
1739 3687 1982 3760 multa.
2027 3688 2741 3762 Animadvertendum

391 3855 398 3860 ·
506 3826 612 3888 est
644 3816 830 3887 enim
867 3815 1170 3909 primum
1206 3816 1521 3887 Priolum
1575 3836 1733 3909 quae
1773 3813 2053 3885 nomine
2092 3814 2303 3886 trium
2353 3814 2741 3918 principum

507 3951 693 4014 esset
733 3941 1194 4014 mandaturus
1227 3941 1507 4011 omnino
1559 3939 1918 4011 omisisse:
1992 3938 2296 4011 secundo
2342 3938 2522 4029 loc0,
2562 3940 2742 4033 quod

505 4067 825 4160 graviuS,
873 4088 1035 4163 quae
1096 4090 1137 4138 a
1193 4066 1574 4155 Mazarino,
1643 4073 1721 4136 ut
1788 4064 1946 4136 duci
2021 4063 2491 4154 traderentur,
2537 4088 2743 4137 acce-

509 4202 709 4288 perat
770 4191 991 4264 verba
1059 4216 1195 4264 non
1258 4193 1529 4263 minore
1595 4189 2030 4284 negligentia
2089 4188 2375 4260 oblitum
2430 4213 2606 4262 esse.
2661 4194 2743 4264 In

509 4343 643 4414 quo
707 4319 1044 4391 habemus
1091 4319 1480 4392 testimonia
1536 4343 1620 4391 ex
1667 4320 1822 4391 aliis
1870 4321 2041 4393 locis
2076 4321 2526 4416 deprompta:
2578 4320 2744 4414 quid

575 4628 590 4663 ¹
635 4627 696 4681 G.
721 4627 979 4681 Priorum.
1016 4645 1092 4688 iv,
1118 4644 1171 4693 p.
1199 4628 1278 4677 33.

573 4708 594 4742 ²
628 4708 788 4758 Priol.
824 4724 899 4766 iv,
920 4724 972 4773 p.
1007 4710 1088 4759 51.
1111 4708 1189 4758 Cf.
1215 4722 1418 4773 quoque
1445 4711 1603 4759 Retz.
1641 4707 1770 4759 Coll.
1793 4708 2151 4771 Petitot‚'x1.v,
2177 4725 2227 4774 p.
2262 4709 2340 4760 99.
