3507 5683
777 669 840 720 80
1445 672 1546 723 DE
1580 670 2037 722 BENJAMINI
2071 671 2350 723 PRIOLI

779 806 1258 900 importunite,
1293 808 1466 880 mais
1481 809 1558 903 je
1594 807 1739 880 suis
1769 808 2146 899 contraint,
2176 831 2306 904 par
2323 807 2430 881 les
2458 808 2612 904 plus
2652 808 2865 880 dures
2884 808 3017 880 lois

780 930 866 1004 de
895 931 962 1002 la
986 933 1357 1022 necessite,
1398 932 1485 1004 de
1514 955 1690 1004 vous
1722 935 1874 1004 etre
1904 954 2156 1004 encore
2191 943 2371 1006 cette
2408 932 2905 1026 foisacharge‚
2949 942 3019 1004 et

778 1057 868 1129 de
895 1081 1069 1131 vous
1108 1059 1423 1154 supplier
1459 1061 1605 1131 tres
1644 1056 2118 1131 humblement
2151 1059 2236 1131 de
2268 1059 2569 1153 daigner
2606 1082 2922 1155 appuyer
2948 1059 3016 1131 la

783 1183 1237 1278 supplication
1267 1185 1593 1257 derniere
1629 1208 1762 1279 que
1808 1186 1885 1279 je
1921 1184 2187 1279 prends
2225 1184 2293 1257 la
2328 1183 2688 1259 hardiesse
2724 1183 2812 1257 de
2842 1183 3018 1257 faire

780 1333 869 1382 au
889 1310 1031 1381 Roi
1058 1334 1234 1405 pour
1273 1309 1544 1382 obtenir
1579 1310 1664 1382 de
1690 1310 1765 1382 S.
1799 1311 1901 1382 M.
1948 1311 2244 1407 quelque
2279 1312 2493 1406 petite
2519 1312 2824 1383 douceur
2843 1333 3019 1405 pour

782 1435 1077 1529 pouyoir
1116 1433 1297 1508 faire
1330 1458 1443 1507 ma
1506 1436 1799 1507 retraite
1833 1434 1991 1528 plus
2026 1436 2428 1509 honorable.
2478 1463 2515 1507 ›>
2558 1436 2747 1509 Obiit
2785 1434 3017 1529 aliquo

760 1561 765 1568 ’
781 1568 937 1654 post
955 1569 1291 1655 tempore,
1319 1583 1506 1633 anno
1529 1560 1747 1652 1667,
1781 1562 2292 1655 sexagesimum
2323 1570 2393 1636 et
2421 1562 2740 1658 quintum
2760 1584 3024 1633 annum

781 1709 1027 1781 agenS.
1055 1686 1164 1758 Ex
1176 1685 1425 1783 Baylio
1444 1696 1514 1759 et
1531 1687 1885 1760 Nicerone
1905 1696 2173 1760 constat
2195 1711 2351 1759 eum
2382 1685 2708 1781 Lugduni
2727 1684 3025 1759 defunc-

784 1821 933 1884 tum
971 1813 1168 1885 esse?
1216 1813 1352 1897 Qui
1391 1821 1624 1884 autem
1660 1811 1816 1884 fieri
1852 1813 2186 1906 potuerit,
2231 1836 2478 1907 parum
2516 1820 2755 1907 aperte
2782 1818 3014 1905 patet:

783 1937 966 2032 apud
985 1938 1405 2010 Niceronem
1425 1937 1723 2031 legimus
1749 1961 1766 2006 ε
1797 1964 1833 2008 «
1855 1937 1914 2009 Il
1944 1936 2046 2010 fut
2083 1937 2367 2031 charge,
2406 1961 2495 2011 en
2529 1938 2745 2027 1667,
2777 1934 3024 2008 d'aller

786 2057 1119 2135 a'Venise
1167 2086 1342 2157 pour
1381 2086 1521 2135 une
1543 2061 1789 2134 affaire
1811 2064 2101 2135 secrete.
2147 2063 2331 2136 C’est
2360 2086 2438 2134 ce
2475 2065 2745 2158 qu'ona
2778 2085 2857 2133 su
2893 2083 3022 2155 par

785 2189 854 2261 la
905 2189 1111 2262 lettre
1139 2190 1225 2261 de
1274 2192 1564 2261 creance
1594 2188 1711 2283 qui
1738 2186 1849 2261 fut
1887 2193 2177 2261 trouvee
2217 2188 2396 2261 dans
2444 2213 2556 2262 ses
2593 2187 2908 2284 papierS,
2952 2199 3023 2260 et

787 2338 923 2411 que
958 2315 1057 2387 M.
1091 2315 1176 2387 de
1223 2315 1490 2387 Lionne
1528 2314 1625 2386 lui
1672 2314 1861 2387 avait
1909 2315 2269 2409 expediee.
2305 2315 2361 2387 Il
2416 2314 2746 2387 n’acheva
2785 2336 2913 2409 pas
2941 2336 3020 2386 66

786 2463 1109 2535 voyage:
1153 2439 1208 2509 il
1252 2440 1420 2511 etait
1460 2439 1498 2511 6
1531 2439 1758 2533 Lyon,
1810 2440 1968 2533 loge
2021 2438 2197 2512 d'ans
2262 2438 2775 2528 l'archevecbe,
2832 2438 3026 2510 lors-
3079 2417 3086 2422 ⁵

788 2566 958 2661 qu'il
988 2564 1092 2638 fut
1119 2566 1390 2659 surpris
1420 2563 1625 2636 d’une
1655 2565 2017 2660 apoplexie
2032 2567 2149 2661 qui
2180 2564 2507 2638 I’enleva.
2549 2564 2774 2660 Bayle
2840 2564 3027 2635 avait

788 2694 1106 2762 annonce
1164 2688 1332 2785 qu’il
1393 2690 1561 2762 etait
1598 2700 1783 2763 mort
1820 2690 1859 2762 6
1890 2689 2209 2784 l'hopital
2267 2692 2438 2763 dans
2492 2691 2599 2762 les
2645 2690 3026 2784 premieres

789 2816 1090 2890 editions
1125 2814 1212 2888 de
1260 2839 1385 2888 son
1424 2815 1912 2888 dictionnaire.
1939 2814 1999 2887 11
2038 2817 2208 2888 s’est
2247 2820 2549 2890 retracte
2574 2815 2621 2890 ¹.
2655 2841 2691 2886 ›>
2727 2816 3022 2889 Dubium

789 2952 1023 3016 autem
1054 2942 1293 3014 Priolo
1323 2966 1362 3014 a
1398 2942 1660 3048 Lioneo
1730 2941 1846 3013 vel
1903 2942 2262 3014 minimam
2330 2944 2812 3016 tractationem
2876 2954 3028 3018 esse

791 3068 1273 3160 commissam3
1319 3057 1907 3163 dubium-quoque
1951 3092 2109 3139 eum
2148 3068 2392 3140 nonin
2436 3069 2765 3164 hospitali
2807 3070 3027 3141 sedin

789 3192 1051 3287 palatio
1094 3192 1661 3287 archiepiscopali
1709 3204 2056 3265 mortuum
2134 3216 2313 3284 esse,
2371 3195 2507 3265 nisi
2550 3218 2718 3265 vero
2775 3195 3028 3267 Rhodii

792 3317 1111 3391 fabulam·
1135 3316 1435 3391 libenter
1473 3291 1929 3412 excipiamus,
1971 3319 2286 3390 Priolum
2326 3343 2476 3392 sese
2519 3321 2646 3393 sub
2689 3321 2856 3391 vitae
2893 3321 3030 3429 fine

707 3484 711 3489 «
791 3438 1009 3512 sacris
1083 3439 1439 3511 addixisse
1508 3436 1929 3510 affirmantis
1966 3434 2017 3510 ².
2076 3439 2510 3513 Crediderim
2561 3439 2759 3511 illum
2807 3442 3031 3534 potius

791 3565 1312 3661 pauperrimum
1353 3565 1607 3638 factum
1655 3574 1721 3636 et
1778 3564 1867 3637 ab
1907 3565 2226 3636 omnibus
2279 3566 2628 3638 desertum
2668 3566 3021 3660 Lugduni,

794 3689 1031 3762 nescio
1052 3691 1186 3785 qua
1207 3713 1290 3760 ex
1325 3691 1561 3778 causa,
1605 3713 1761 3761 esse
1799 3700 2171 3778 mortuum,
2214 3714 2524 3784 quumex
2550 3691 2784 3784 priore
2801 3691 3031 3786 Baylii

793 3814 1280 3904 affirmatione,
1306 3815 1423 3910 qui
1457 3815 1672 3886 Prioli
1691 3814 1934 3887 liberis
1964 3815 2294 3908 deinceps
2313 3815 2528 3888 nimia
2548 3815 3029 3888 benevolentia

793 3939 1106 4028 indulsit,
1147 3949 1291 4010 tum
1338 3962 1422 4011 ex
1459 3938 1818 4035 Capellani
1867 3940 2266 4013 testimonio
2316 3941 2432 4036 qui
2472 3941 2562 4012 ad
2612 3938 3031 4012 Boeclerum

793 4065 1032 4161 quinto
1056 4064 1168 4137 die
1195 4064 1493 4137 octobris
1544 4065 1714 4137 anni
1758 4066 1944 4137 1668
1973 4066 2074 4136 sic
2098 4065 2184 4136 de
2216 4089 2296 4137 eo
2328 4064 2711 4137 scribebat:
2764 4090 2800 4134 «
2833 4064 3029 4149 Nous

794 4189 1066 4261 l'avons
1105 4212 1197 4260 vu
1235 4190 1411 4261 dans
1444 4198 1623 4261 cette
1669 4212 1838 4261 cour
1886 4188 2216 4283 frappant
2255 4195 2297 4261 a
2335 4190 2404 4262 la
2444 4199 2643 4283 porte
2680 4189 2767 4261 de
2809 4197 3034 4262 tontes

865 4480 885 4516 1
919 4477 1163 4536 Nice'ron‚
1200 4481 1238 4529 t.
1258 4476 1498 4537 XXXIX,
1525 4492 1577 4541 p.
1608 4476 1718 4528 304.

865 4559 888 4594 2
922 4557 1177 4618 Rhodius,
1212 4572 1263 4621 p.
1289 4558 1338 4607 6.
1368 4555 1442 4607 Cf.
1464 4556 1638 4619 Bayle‚
1673 4560 1792 4606 Art.
1827 4556 2020 4615 Priolo,
2040 4571 2089 4605 n.
2111 4556 2172 4608 B.
2204 4574 2230 4602 «
2261 4556 2429 4615 Quant
2448 4557 2479 4605 a
2507 4570 2564 4604 66
2600 4556 2720 4620 qu'il
2760 4554 3040 4616 (Rhodius)

800 4638 874 4687 dit
899 4654 960 4687 en
989 4638 1223 4687 finissant
1257 4652 1349 4685 son
1378 4636 1523 4699 eloge
1576 4650 1674 4699 que
1721 4636 1795 4685 M.
1827 4635 2003 4685 Priolo
2029 4636 2194 4685 s’etait
2225 4635 2318 4684 fait
2359 4635 2742 4700 ecclesiastique
2783 4634 2964 4700 depuis
2992 4632 3045 4682 16

799 4724 937 4768 mort
964 4717 1037 4767 ·de
1058 4732 1113 4768 86
1130 4717 1334 4781 femme,
1369 4717 1493 4766 c'est
1533 4732 1633 4766 une
1656 4717 1853 4780 grande
1881 4717 2114 4768 saussete.
2144 4734 2170 4766 »
