3507 5683
809 696 870 744 50
1487 695 1583 744 DE
1616 693 2064 744 BENJAMINI
2099 692 2370 743 PR10L1

812 831 1148 926 pingendi
1174 830 1537 907 consilium
1572 831 2002 925 suscepisse:
2033 830 2218 926 quod
2241 830 2480 925 paucis
2505 837 2659 924 post
2688 825 3044 899 mensibus

813 978 1080 1027 summa
1110 955 1496 1028 constantia
1526 954 1809 1050 exsequi
1840 978 1980 1026 non
2007 954 2371 1026 dubitavit.
2407 956 2729 1031 Ceterum
2767 952 3042 1033 Priolus

811 1104 894 1153 eo
921 1081 1251 1176 temporis
1281 1088 1627 1154 momento
1656 1079 1896 1152 labore
1940 1090 2006 1152 et
2040 1081 2223 1152 curis
2272 1079 2554 1153 minime
2593 1102 2804 1172 egere
2838 1077 3042 1149 vide-

810 1182 1052 1279 batur:
1089 1207 1243 1278 aliis
1277 1206 2036 1279 enim>tractationibus
2075 1206 2416 1278 intererat
2453 1204 2725 1301 quasin
2753 1202 3042 1276 historia

810 1332 1238 1427 praemittere
1267 1333 1536 1404 curavit
1562 1358 1577 1403 ε
1602 1355 1692 1418 ex
1716 1331 2066 1421 codicibus
2095 1331 2435 1407 Mazarini
2456 1331 2844 1433 accepimus
2876 1351 3040 1425 ‚quae

729 1458 736 1464 ’
810 1456 997 1528 illius
1035 1457 1341 1551 gratiaet
1366 1457 1611 1528 officiis
1633 1467 1778 1529 tum
1813 1456 2237 1550 agebantur,
2258 1457 2646 1551 praesertim
2679 1456 2769 1529 ad
2790 1456 3044 1528 matri-

811 1581 1115 1652 monium
1160 1579 1543 1653 Beaufortii
1608 1605 1763 1652 cum
1839 1581 2299 1676 Longavillaei
2364 1580 2527 1653 filia.
2563 1579 2984 1675 pertinentia
3018 1606 3037 1665 ς

810 1705 1050 1776 scribit
1084 1706 1267 1777 enim
1301 1704 1672 1778 cardinalis
1692 1729 1849 1801 quae
1893 1718 2304 1802 sequuntur,
2340 1705 2647 1778 nondum
2704 1705 2776 1777 in
2813 1705 3038 1779 lucem

810 1831 992 1903 edita
1029 1856 1044 1900 :

909 1958 1205 2029 «Priolo
1247 1966 1387 2028 met
1438 1981 1617 2029 venu
1665 1981 1843 2053 voyr
1874 1959 1959 2031 de
1997 1958 2066 2029 la
2104 1968 2260 2053 part
2306 1958 2393 2029 de
2439 1958 2538 2028 M.
2586 1958 2673 2029 de
2712 1959 3042 2051 Longue-·

808 2083 969 2155 ville
1021 2106 1199 2177 pour
1246 2105 1356 2153 me
1408 2083 1560 2154 dire
1606 2081 1778 2178 qu’il
1830 2083 2259 2178 travagliayt
2299 2106 2477 2178 pour
2516 2083 2771 2155 retirer
2809 2084 2912 2154 M.
2958 2083 3043 2155 de

807 2205 1099 2278 Baufort
1149 2216 1217 2279 et
1247 2205 1413 2302 qu'il
1456 2206 1694 2301 valayt
1723 2208 1956 2280 mieux
1987 2207 2073 2279 de
2127 2207 2189 2279 le
2219 2206 2393 2279 faire
2419 2230 2547 2301 par
2579 2206 2880 2280 douceur
2910 2230 3043 2302 que

808 2333 1312 2427 entreprendre
1369 2355 1444 2404 sa
1490 2342 1688 2426 perte
1735 2335 1853 2428 qui
1902 2342 2139 2428 serayt
2171 2333 2324 2427 plus
2376 2331 2658 2403 difficile
2702 2332 2911 2427 qu'on
2957 2355 3045 2403 ne

807 2459 1100 2552 croyait.
1137 2458 1193 2528 Il
1225 2480 1299 2529 se
1330 2467 1477 2530 sert
1502 2456 1588 2529 de
1630 2458 1698 2530 la
1742 2458 2002 2530 Boule¹
2047 2482 2219 2554 pour
2248 2459 2428 2548 cela,
2461 2456 2690 2552 lequel
2721 2456 2790 2529 la
2828 2457 3045 2528 Boule

806 2606 847 2654 a
867 2582 968 2652 dit
1002 2581 1044 2653 a
1071 2582 1309 2654 Priolo
1329 2583 1388 2653 si
1416 2584 1516 2653 M.
1544 2584 1631 2655 de
1657 2584 2109 2678 Longueville
2136 2584 2593 2656 consentirait
2612 2606 2699 2655 au
2731 2583 3044 2674 mariage

806 2707 892 2780 de
922 2732 996 2780 sa
1026 2708 1217 2801 figlie
1253 2730 1427 2802 pour
1452 2708 1742 2781 Baufort
1774 2720 1841 2781 et
1870 2710 2160 2805 qu'avec
2189 2708 2340 2782 cela
2373 2717 2517 2781 tout
2548 2710 2863 2801 pourrait
2892 2713 3042 2781 etre

807 2830 1270 2906 accommode.
1317 2831 1552 2903 Priolo
1584 2832 1684 2904 dit
1713 2858 1845 2929 que
1871 2832 2319 2906 l'iuclination
2350 2835 2437 2906 de
2457 2834 2556 2905 M.
2593 2833 2680 2906 de
2709 2834 3028 2929 Longue-

807 2959 973 3030 ville
1005 2982 1053 3051 y
1084 2967 1152 3029 et
1191 2965 1408 3028 toutte
1448 2959 1744 3043 enuere,
1806 2981 1941 3054 que
1981 2956 2111 3029 M¹¹⁹
2136 2943 2221 3030 de
2251 2958 2711 3052 Longueville
2755 2969 2822 3031 et
2856 2968 3045 3032 toute

805 3074 1155 3172 contraire
1186 3080 1254 3143 et
1284 3096 1419 3167 que
1447 3075 1584 3144 M¹¹¹⁹
1616 3074 1701 3145 de
1731 3075 2195 3167 Longueville
2230 3076 2421 3147 aussi
2462 3077 2581 3172 n’y
2623 3087 2728 3148 est
2767 3076 3044 3171 dispose

806 3210 1015 3294 ayant
1070 3199 1172 3270 dit
1227 3199 1269 3270 a
1325 3199 1563 3270 Priolo
1623 3198 1792 3295 qu'il
1855 3197 2105 3295 fallayt
2166 3224 2448 3296 rompre
2505 3200 2939 3274 absolument
2977 3200 3046 3273 16

808 3325 1144 3417 mariage,
1182 3323 1476 3396 Baufort
1506 3324 1746 3396 vivant
1776 3323 1918 3395 fort
1957 3325 2096 3396 mal
2132 3348 2299 3397 avec
2323 3325 2455 3397 elle
2495 3335 2564 3396 et
2591 3329 2815 3398 meme
2845 3326 2945 3396 M.
2980 3325 3045 3397 16

692 3491 717 3517 »
807 3446 1062 3521 Prince
1114 3449 1472 3521 Marsillac
1533 3449 1894 3521 contribue
1951 3448 2305 3545 beaucoup
2368 3450 2409 3521 a
2462 3451 2610 3523 cela
2660 3455 2848 3522 etant
2905 3451 3046 3525 mal

807 3574 1124 3669 satisfayt
1153 3573 1239 3645 de
1285 3575 1384 3644 M.
1433 3574 1518 3644 de
1546 3574 1844 3648 Baufort
1875 3584 1939 3647 et
1968 3575 2059 3647 du
2096 3576 2505 3669 coadjuteur
2526 3573 2577 3645 ².
2610 3576 2845 3668 »Haec
2886 3577 3047 3670 qui-

805 3703 1042 3774 dem-‚a
1074 3704 1310 3774 Priolo
1338 3705 1524 3775 circa
1555 3726 1864 3775 mensem
1888 3703 2172 3796 junium
2208 3706 2374 3775 anni
2413 3703 2626 3789 1649,
2680 3714 3045 3799 antequam

805 3826 891 3896 de
920 3826 1144 3898 Ponte
1176 3829 1518 3900 Arcarum
1554 3831 1919 3920 ageretur,
1962 3851 2161 3921 aegre
2205 3827 2689 3900 tractabantur
2726 3830 2842 3900 :in
2872 3853 3048 3902 con—

805 3950 1024 4023 traria
1084 3950 1270 4023 enim
1318 3951 1731 4024 versabatur
1795 3960 2058 4038 noster,
2117 3952 2279 4023 hinc
2345 3951 2801 4046 Longavillaei
2855 3953 3047 4028 ducis

808 4078 1132 4149 mandata
1187 4086 1671 4164 exsecuturuS‚
1730 4076 1922 4147 illinc
1978 4085 2208 4148 autem
2264 4055 2710 4172 imperiosam
2761 4077 3043 4173 Longa-

805 4197 1052 4287 villaeae
1110 4210 1413 4273 mentem
1483 4202 1625 4273 alte
1705 4201 2136 4274 recordatus.
2210 4204 2564 4288 Quantum
2630 4202 2703 4272 in
2765 4202 3045 4300 ancipiti

804 4323 1092 4397 haeserit
1156 4333 1380 4396 tractu
1445 4325 1980 4419 Longavillanae
2055 4326 2298 4396 domus
2380 4324 2647 4398 bifrons
2716 4327 3039 4420 famuIUS‚

868 4594 888 4630 1
923 4590 1237 4642 Maximilien
1264 4589 1563 4649 Eschalard,
1586 4591 1815 4656 marquis
1843 4590 1907 4639 de
1937 4589 1986 4640 la
2020 4589 2281 4654 Boulaye3
2317 4590 2519 4652 videtur
2549 4591 2634 4640 hic
2672 4597 2867 4642 secreto
2896 4592 3047 4642 fuisse

805 4672 1348 4731 Mazarim,addictu8.

869 4752 897 4787 ²
928 4752 1061 4802 Car.
1100 4758 1162 4802 ‘ts
1186 4754 1255 4802 de
1274 4751 1567 4810 Μωτανίη,
1603 4760 1663 4798 no
1700 4750 1777 4811 13,
1805 4750 1851 4798 f⁰
1882 4750 1961 4812 13,
1992 4761 2042 4799 r0
2087 4756 2138 4800 et
2162 4762 2235 4802 vo.

1194 5009 1227 5030 Νι.
