3507 5683
804 646 865 693 24
1478 641 1577 690 DE
1611 638 2064 690 BENJAMINI
2098 638 2375 687 PRIOLI

811 779 1038 871 ipsum
1082 787 1414 867 atrocem,
1463 777 1745 869 generis
1811 775 1921 846 sui
1986 773 2348 845 nobilitate
2390 773 2565 842 mire
2623 767 3046 864 superbien-

814 915 979 993 tem,
1035 903 1475 975 consiliorum
1522 900 1997 995 impatientem
2046 897 2307 993 alloqui
2373 895 2754 968 malebant.
2795 882 3075 965 Nemi—'

817 1051 971 1098 nem
1013 1050 1283 1121 quoque
1319 1024 1639 1119 fugiebat
1687 1024 2027 1120 quantum
2073 1022 2483 1096 Rohannius
2513 1020 2752 1091 Priolo
2796 1018 3049 1091 scribae

815 1150 1263 1244 indulgeret:
1307 1151 1606 1246 exempli
1643 1152 1903 1245 gratia,
1928 1148 2347 1221 Rohaunius
2377 1170 2563 1218 anno
2600 1145 2814 1235 1635,
2838 1167 3049 1239 quum

815 1277 886 1346 in
925 1276 1197 1349 Alsatia
1236 1285 1445 1366 esset,
1480 1299 1602 1369 per
1628 1275 2022 1346 Helvetiam
2055 1274 2127 1344 in
2164 1273 2420 1344 vallem
2445 1271 2794 1343 Tellinam
2821 1268 3050 1341 redire

808 1402 1050 1494 jussus
1094 1409 1268 1472 erat.
1316 1401 1481 1489 Qui,
1534 1408 1894 1495 postquam
1935 1408 2296 1493 paruerat,
2339 1397 2435 1468 ita
2497 1405 2884 1468 commotus
2920 1393 3052 1463 fuit

819 1549 1035 1620 parvo
1059 1527 1420 1619 'copiarum
1449 1547 1739 1595 numero
1771 1523 2014 1619 quibus
2066 1523 2138 1592 in
2194 1521 2376 1593 valle
2416 1520 2699 1592 Tellina
2745 1517 3055 1590 marchio
3099 1610 3102 1614 Δ

817 1649 1336 1721 Montausierus
1374 1647 1883 1746 (Montausier)
1923 1658 2223 1742 praeerat
2275 1657 2351 1718 ut
2410 1647 2666 1718 vallem
2726 1644 3054 1716 deserere

820 1774 1233 1846 decreverit.
1271 1773 1495 1855 Quum
1543 1783 1776 1846 autem
1819 1774 1972 1845 haec
2021 1773 2308 1843 minime
2366 1771 2679 1863 regionis
2720 1767 2933 1841 statui
2990 1777 3058 1839 et

822 1898 1122 1971 militum
1148 1898 1569 1992 gallicorum
1598 1898 1838 1970 ardori
1877 1908 2373 1991 congruerent,
2403 1896 2717 1969 marchio
2765 1903 3059 1966 conatus

821 2032 925 2095 est
948 2024 1192 2094 ducem
1213 2022 1294 2095 ad
1331 2024 1615 2094 meliora
1650 2024 1983 2095 reducere
2015 2033 2083 2095 et
2112 2032 2186 2094 ut
2214 2022 2287 2092 id
2316 2021 2712 2093 efficeretur
2734 2018 3058 2091 Priolum

822 2173 1206 2242 aggressus
1256 2159 1362 2221 est
1417 2151 1529 2221 cui
1591 2150 2099 2222 demonstravit
2146 2158 2484 2244 quantum
2541 2156 2609 2217 et
2661 2143 2935 2216 decoris
2994 2153 3061 2214 et

823 2275 1162 2346 commodi
1186 2296 1228 2345 a
1245 2275 1619 2346 Rohannio
1642 2275 2107 2366 amitteretur,
2132 2275 2191 2345 si
2215 2273 2495 2369 quidem
2522 2272 2768 2366 pedem
2788 2268 3062 2340 referre

823 2400 1202 2472 videretur.
1233 2402 1333 2471 De
1362 2401 1493 2471 hoc
1531 2401 1806 2472 Priolus
1833 2401 2080 2473 ducem
2110 2399 2715 2474 vehementissime
2744 2398 3061 2468 hortatus

826 2535 928 2596 est
950 2535 1018 2598 et
1045 2526 1132 2616 is,
1161 2526 1490 2597 audacior
1514 2525 1763 2613 factuS,
1803 2527 2442 2619 congressuminde
2476 2551 2634 2597 cum
2662 2523 3063 2596 marchione

828 2651 1071 2723 habuit
1111 2659 1179 2721 et
1220 2649 1403 2722 bello
1443 2650 1651 2745 paulo
1703 2659 1859 2744 post
1923 2652 2260 2723 adversus
2323 2652 2680 2746 Hispanos
2759 2650 3056 2745 inceptO,

826 2775 1335 2870 gloriosissima
1380 2799 1550 2848 sane
1608 2778 1793 2872 apud
1848 2778 2193 2850 Luvinum
2257 2778 2556 2873 septimo
2607 2785 2676 2848 et
2736 2775 3063 2847 vicesimo

820 2902 1005 2996 junii
1063 2902 1175 2974 die
1231 2902 1423 2974 1635
1472 2911 1538 2972 et
1586 2902 1767 2996 apud
1809 2903 2277 2997 Morbegnum
2326 2904 2594 2975 decimo
2658 2901 3067 2974 novembris

829 3026 940 3097 die
978 3013 1167 3098 1635
1222 3026 1469 3118 praelia
1511 3026 1814 3099 retulit1.
1862 3028 2010 3110 Quo
2050 3039 2362 3123 tempore
2398 3027 2674 3098 Priolus
2707 3027 2779 3097 in
2836 3028 3065 3099 aulam

829 3151 1079 3221 missus
1136 3148 1267 3221 fuit
1312 3149 1399 3221 >ut
1453 3152 1902 3224 novissimam
1965 3153 2150 3225 hanc
2210 3176 2525 3248 pugnam
2600 3153 2954 3225 nuntiaret
3001 3150 3057 3221 ².

830 3275 1013 3346 Adiit
1048 3298 1217 3367 ergo
1252 3298 1494 3367 regem
1530 3287 1596 3347 et
1643 3276 2080 3349 cardinalem
2114 3278 2504 3351 Richelium
2537 3280 2788 3375 quibus
2840 3279 3066 3351 omnia

830 3423 984 3494 quae
1046 3400 1113 3468 in
1178 3400 1365 3471 valle
1428 3400 1698 3473 Tellina
1746 3411 1813 3473 et
1871 3403 1937 3472 iu
1998 3404 2275 3475 Rhaetia
2329 3428 2370 3475 a
2424 3403 2802 3475 Rohannio
2866 3415 3067 3496 gesta

831 3531 1050 3595 erant'
1092 3538 1329 3620 aperte
1399 3536 1467 3597 et
1534 3526 1780 3598 callide
1850 3528 2356 3601 demonstravit
2423 3530 2848 3621 summisque
2914 3516 3108 3600 fere

832 3650 1138 3721 omnium
1202 3650 1519 3722 laudibus
1577 3662 1935 3742 oneratUS‚
2008 3676 2215 3748 quam
2294 3654 2623 3725 citissime
2698 3654 3113 3754 incipiente'

659 3853 668 3864 .
762 3867 767 3871 ι
832 3773 1200 3845 decembre
1238 3774 1328 3845 ad
1386 3775 1630 3846 ducem
1674 3799 2003 3847 reversus
2052 3787 2157 3848 est
2194 3787 2264 3849 et
2313 3801 2466 3848 eum
2520 3779 2726 3849 tertio
2763 3789 2831 3849 et
2877 3778 3071 3849 vice—

834 3898 1005 3968 simo
1065 3899 1320 3969 mensis
1393 3900 1503 3970 die
1564 3900 1917 3970 convenit.
1987 3900 2343 3973 Afferebat
2403 3902 2588 3974 enim
2648 3926 2783 3974 non
2845 3903 3068 3974 solum

896 4201 915 4234 1
943 4198 1004 4247 P.
1043 4198 1241 4248 Griffet.
1268 4201 1409 4249 Hist.
1456 4203 1531 4250 du
1566 4203 1741 4263 reque
1788 4205 1852 4251 de
1886 4203 2055 4251 Loccis
2087 4204 2266 4261 XIII,
2302 4205 2439 4254 1758.
2468 4207 2677 4268 Paris‚t.
2701 4208 2767 4267 11,
2819 4224 2869 4273 p.
2902 4207 2997 4259 644
3024 4213 3077 4258 et

833 4293 962 4328 suw.
2437 4301 2443 4308 ·
2741 4287 2749 4294 ”

891 4361 913 4394 ²
941 4359 1250 4416 Zurlauben,
1287 4366 1325 4410 t.
1353 4362 1421 4419 11,
1459 4377 1509 4425 p.
1541 4362 1652 4416 270,
1691 4362 1956 4427 Depeches
1990 4378 2052 4412 en
2077 4379 2220 4425 cour,
2252 4382 2343 4430 par
2371 4367 2420 4416 le
2461 4368 2599 4417 sieur
2632 4368 2872 4419 Prioleau
2917 4369 2985 4418 du
3015 4369 3075 4428 14

833 4456 947 4490 nov.
973 4438 1109 4489 1635.
1142 4440 1314 4489 Lettre
1361 4455 1427 4489 au
1448 4442 1579 4504 Roy,
1615 4457 1681 4490 au
1725 4443 1954 4492 cardinal
1985 4443 2049 4492 de
2083 4445 2369 4504 Richelieu‚
2404 4454 2522 4506 etc.‚
2569 4464 2659 4498 sur
2689 4449 2735 4499 la
2765 4449 2978 4499 victoire
3010 4449 3075 4498 de

833 4524 1134 4585 MorbegnO.
1166 4518 1245 4568 Cf.
1272 4520 1406 4568 aussi
1439 4538 1464 4565 «
1489 4521 1735 4570 Memoire
1765 4522 1855 4571 des
1885 4523 2066 4572 choses
2096 4526 2411 4578 necessaires
2440 4543 2569 4592 pour
2596 4527 2647 4577 la
2670 4529 2984 4580 subsistance
3014 4529 3078 4579 de

833 4599 1038 4648 Parmee
1083 4599 1151 4648 du
1180 4601 1258 4649 roi
1300 4601 1427 4648 dans
1456 4599 1503 4649 la
1534 4600 1810 4660 Valteline,
1864 4602 2033 4652 donne
2059 4620 2151 4668 par
2192 4604 2238 4653 le
2265 4606 2403 4655 sieur
2434 4608 2675 4658 l’rioleau
2701 4611 2973 4660 secretaire
3013 4611 3079 4659 de

833 4679 904 4728 M.
934 4679 981 4728 le
1015 4678 1113 4728 duc
1143 4680 1209 4728 de
1230 4681 1415 4730 Rohan
1449 4699 1496 4733 υ.
