3507 5683
675 266 680 269 ,
721 134 965 257 tlff—
998 143 1481 273 3352AEss

1313 2153 1947 2259 PRAEFATIO

1476 2450 1789 2459 ——-

609 2740 811 2833 Quod
873 2749 1122 2822 attinet
1176 2749 1265 2823 ad
1320 2750 1668 2845 originem
1733 2751 2093 2848 vitamque
2150 2752 2374 2848 ipsam
2436 2763 2505 2826 et
2544 2777 2755 2851 opera

511 2882 913 2977 Benjamini
963 2883 1181 2954 Prioli
1218 2882 1679 2956 Santonensis
1705 2861 2042 2956 hactenus
2074 2885 2255 2957 male
2292 2897 2748 2980 compertum.

513 3014 757 3109 Itaque
791 3014 877 3086 de
926 3039 1006 3087 eo
1048 3015 1383 3111 quidquid
1435 3016 1526 3088 sit
1566 3016 1931 3111 scriptum,
1996 3016 2067 3088 in
2124 3017 2253 3090 hoc
2305 3019 2569 3110 libelle,
2631 3047 2754 3115 pro

512 3149 783 3222 viribus
813 3151 1071 3223 nostris
1103 3151 1535 3245 collegimuS,
1563 3161 1639 3223 ut
1681 3174 1766 3223 ex
1795 3161 1895 3224 tot
1932 3162 1999 3224 et
2041 3161 2181 3224 tam
2218 3154 2440 3225 variis
2476 3155 2733 3250 opinio-

515 3281 722 3354 nibus
785 3284 1039 3357 certius
1078 3297 1148 3357 et
1206 3284 1458 3357 rectius
1487 3284 1836 3380 judicium
1900 3285 2103 3358 fieret
2152 3310 2167 3355 ε
2210 3292 2428 3382 parva
2477 3289 2758 3384 quidem

515 3440 657 3504 reS,
702 3414 950 3500 fateor,
992 3440 1130 3488 non
1167 3428 1402 3489 tamen
1432 3406 1806 3490 admodum
1846 3418 2114 3491 inutilis
2152 3417 2419 3509 futura,
2452 3423 2761 3516 quando-

513 3539 789 3633 quidem
813 3542 897 3615 B.
946 3541 1225 3613 Priolus
1256 3565 1397 3613 non
1428 3531 1652 3614 solum
1676 3543 1872 3614 testis
1911 3544 2035 3615 sed
2064 3544 2270 3616 etiam
2299 3555 2518 3635 actor,
2553 3548 2759 3618 Fun—-

515 3673 626 3746 dae
665 3675 1056 3747 deterrimis
1115 3676 1444 3765 motibus,
1506 3674 1809 3749 adfuerit
1849 3686 1915 3749 et
1971 3688 2211 3771 postea
2257 3702 2370 3749 res
2402 3703 2444 3750 a
2491 3703 2564 3751 se
2639 3689 2759 3751 aut

516 3808 602 3879 ab
640 3809 800 3881 aliis
839 3820 1079 3903 gestas
1142 3834 1267 3905 per
1337 3811 1525 3881 hunc
1598 3810 1932 3906 temporis
1995 3819 2293 3883 tractum
2345 3812 2418 3882 in
2466 3812 2760 3885 historia

517 3940 732 4014 latine
761 3944 1019 4038 scripta
1046 3942 1466 4017 narraverit.
1494 3944 1594 4015 De
1614 3943 1851 4015 Priolo
1892 3942 2248 4015 citandum
2289 3955 2393 4017 est
2431 3945 2760 4041 inprimis
2806 3929 2811 3934 ’

516 4072 857 4146 Johannis
896 4074 1158 4146 Rhodii
1177 4076 1461 4170 jesuitae
1506 4098 1681 4169 opus
1732 4075 1845 4145 cui
1876 4074 2126 4146 titulus
2170 4076 2267 4147 sic
2301 4076 2753 4150 inscribitur:

526 4233 562 4278 «
611 4207 968 4279 Johannes
1014 4208 1340 4280 Rhodius
1386 4209 1480 4279 de
1513 4207 1666 4279 vita
1710 4207 2147 4299 Benjamini
2188 4210 2461 4302 Prioli,
2505 4184 2762 4301 equitis

535 4336 811 4409 Veneti.
850 4362 887 4407 »
941 4338 1050 4409 Ad
1082 4337 1295 4409 finem
1334 4336 1587 4409 libelli:
1637 4363 1674 4407 «
1711 4336 2072 4409 Scribebat
2128 4339 2378 4412 Johan.
2449 4342 2764 4414 Rhodius

522 4468 796 4541 Patavii
828 4468 930 4539 Id.
958 4468 1242 4542 Octobr.
1283 4468 1501 4559 1663,
1541 4493 1578 4538 »
1605 4489 1779 4563 opus
1800 4492 1970 4541 sane
2015 4469 2259 4556 breve,
2291 4496 2507 4568 quum
2540 4473 2665 4547 vix
2692 4474 2766 4544 in

522 4625 645 4673 sex
672 4603 955 4697 paginis
999 4603 1430 4693 includatur,
1490 4604 1782 4675 meliore
1848 4613 2081 4677 autem
2135 4606 2494 4681 voluntate
2557 4622 2766 4703 quam

525 4725 854 4809 successu
891 4738 1369 4834 compositum.
1423 4736 1743 4809 Rhodius
1770 4736 1986 4827 enim,
2043 4739 2260 4810 Prioli
2305 4729 2768 4822 admiratione

2534 4895 2556 4935 1
