3507 5683
770 588 831 639 34
1441 588 1537 637 DE
1570 585 2024 638 BENJAMINI
2061 584 2336 636 PRIOLI

769 725 1116 798 Micheliis
1153 723 1460 818 patriciis
1490 722 1822 795 Venetis¹
1860 748 1876 793 ε
1919 748 2052 819 quo
2105 722 2544 794 matrimonio
2596 742 2750 792 sese
2813 742 3006 791 verae

770 859 886 923 aut
916 847 1094 920 fictae
1118 849 1350 940 gentis
1370 871 1516 919 suae
1554 848 1814 941 origini
1865 871 2046 943 novo
2094 849 2290 944 quasi
2331 846 2608 919 vinculo
2653 846 3005 917 innectere

769 973 1159 1047 videbatur.
1194 974 1497 1044 Dubium
1533 983 1794 1065 autem,
1842 998 2052 1070 quum
2102 972 2352 1045 nobilis
2381 981 2565 1044 esset
2602 970 2841 1042 uxoris
2876 991 3003 1040 co—

768 1099 1033 1194 gnatm,
1063 1122 1151 1170 an
1178 1099 1389 1171 fuerit
1417 1098 1544 1171 dos
1583 1099 2050 1193 amplissima?
2085 1099 2233 1172 Nec
2259 1099 2489 1170 minus
2513 1120 2774 1194 pauper
2801 1104 3003 1192 atque

767 1234 969 1297 antea
1035 1216 1370 1296 rememsit
1425 1224 1735 1310 Primus,
1772 1226 1890 1320 qui
1949 1248 2033 1296 ex
2080 1225 2380 1320 conjuge
2448 1233 2710 1316 septem
2746 1221 3002 1293 liberos

769 1350 1086 1422 maximis
1111 1349 1500 1446 sumptibus
1529 1349 1924 1421 educandos
1953 1348 2216 1421 habuit.
2254 1348 2452 1421 Adde
2475 1348 2656 1444 quod
2691 1370 2731 1419 3
2762 1356 2999 1418 nostro

768 1474 984 1547 frater
1021 1473 1441 1547 Elisabethae
1469 1497 1591 1545 sex
1622 1474 1840 1546 millia
1888 1473 2222 1546 librarum
2280 1497 2632 1570 nunquam
2703 1494 3000 1569 necupe-

768 1599 989 1671 randa
1023 1599 1114 1670 sit
1142 1608 1517 1672 mutuatus.
1560 1599 1758 1682 Quod
1799 1600 2082 1671 Priolus
2125 1608 2416 1672 testatur
2453 1600 2529 1669 in
2580 1598 2871 1691 epistol&
2912 1596 3002 1669 ad

767 1723 1172 1798 Golbertum
1219 1722 1502 1820 (1664).
1551 1748 1588 1793 «
1629 1725 2056 1820 Cependant,
2107 1725 2638 1817 Monseigneur,
2692 1723 2773 1816 je
2828 1746 2999 1794 vous

765 1849 1034 1946 supplic
1074 1850 1498 1923 d'ordonner
1549 1850 1792 1923 ordres
1832 1850 2001 1946 qu’il
2029 1873 2212 1923 nese
2238 1873 2415 1947 paye
2453 1872 2795 1946 personne
2839 1872 2999 1921 sans

764 2000 927 2048 mon
966 1999 1167 2067 aveu,
1222 1984 1288 2046 et
1332 1998 1465 2071 que
1500 1976 1578 2070 je
1614 1975 1848 2070 puisse
1902 1976 2077 2048 tirer
2116 1977 2201 2047 de
2248 1986 2425 2050 cette
2465 1976 2858 2048 succession
2909 1998 2997 2047 au

763 2102 990 2173 moins
1033 2100 1139 2173 les
1177 2102 1285 2172 six
1332 2100 1521 2171 mille
1559 2099 1781 2172 livres
1819 2124 1952 2197 que
1982 2099 2108 2194 j’ai
2152 2104 2459 2195 prestees
2518 2100 2586 2187 il,
2624 2120 2674 2196 y
2712 2122 2755 2172 a
2800 2101 2996 2194 vingt

764 2251 921 2316 anS,
969 2226 1011 2298 3
1049 2227 1361 2314 Geneve,
1406 2226 1501 2297 du
1565 2226 1881 2321 mariage
1942 2226 2030 2297 de
2079 2248 2192 2298 ma
2229 2224 2513 2316 femme,
2574 2249 2751 2320 pour
2805 2226 2997 2298 lever

762 2361 951 2424 ceste
999 2352 1411 2446 compagnie
1453 2350 1570 2446 qui
1607 2373 1647 2422 a
1700 2354 1810 2424 ete
1851 2348 2019 2424 faite
2059 2349 2099 2423 3
2132 2375 2277 2424 mes
2310 2351 2572 2446 depens
2599 2346 2650 2423 ².
2704 2375 2740 2421 »
2796 2351 2998 2438 Quod

761 2477 843 2547 si·
877 2499 958 2549 eo
1014 2477 1164 2548 loco
1216 2498 1387 2548 vera
1453 2476 1845 2569 profitetur,
1910 2475 2461 2549 concludendum
2525 2477 2725 2548 illum
2779 2474 2996 2549 fuisse

759 2602 984 2674 adhuc
1011 2602 1320 2675 Genevae
1353 2624 1537 2673 anno
1579 2601 1795 2692 1644,
1839 2602 1954 2672 vel
1985 2602 2215 2697 potius
2254 2602 2608 2690 Saconeti,
2660 2602 2892 2673 vicino
2923 2605 2995 2673 in

760 2726 1027 2823 praedio
1062 2727 1242 2823 quod
1299 2737 1562 2800 emerat
1603 2727 2006 2814 recreandae
2045 2727 2466 2800 valetudinis
2504 2750 2740 2800 causa.
2791 2727 2998 2821 Legi-

759 2878 914 2926 mus
954 2865 1187 2927 autem
1215 2854 1398 2949 apud
1433 2855 1850 2928 Niceronem
1889 2880 1904 2925 :
1951 2881 1987 2926 ‹<
2030 2856 2126 2928 Le
2146 2856 2280 2928 duc
2306 2856 2392 2927 de
2433 2856 2896 2949 Longueville
2929 2855 2994 2927 le

761 2979 894 3051 tira
926 2980 1010 3052 de
1050 3004 1128 3052 ce
1169 3004 1374 3076 repos
1410 3003 1499 3053 en
1547 2981 1760 3071 1648,
1826 2983 2064 3077 quand
2117 2982 2169 3051 11
2210 2980 2317 3053 fut
2357 2986 2632 3053 nomme
2669 2981 2995 3076 plenipo-
3057 3031 3062 3036 ·

759 3105 1082 3178 tentiaire
1120 3106 1206 3178 de
1241 3091 1514 3178 France
1564 3131 1738 3201 pour
1808 3107 1877 3178 13
1939 3109 2098 3202 paix
2154 3106 2243 3180 de
2311 3110 2637 3178 Munster·
2662 3104 2712 3176 3.
2744 3129 2780 3175 »
2846 3105 2994 3189 Quo

758 3229 935 3301 nihil
949 3231 1177 3325 potuit
1195 3231 1331 3302 dici
1355 3229 1598 3303 falsius
1625 3257 1640 3303 ε
1679 3233 2208 3325 Longavillaeus
2240 3234 2429 3303 enim
2460 3233 2548 3304 ad
2570 3239 2991 3303 conventum

756 3354 1390 3429 Monasteriensem
1427 3381 1584 3429 cum
1640 3381 1912 3429 summa
1948 3367 2286 3452 potestate
2324 3358 2411 3429 de
2468 3380 2638 3453 pace
2676 3357 2904 3428 iturus
2951 3378 2993 3426 a

755 3483 1110 3554 Mazarino
1146 3481 1407 3555 electus
1455 3480 1585 3554 fuit
1636 3505 1827 3554 anno
1875 3482 2088 3574 1644,
2127 3484 2771 3579 Monasteriumque
2823 3480 2994 3554 anni

757 3606 1113 3704 sequentis
1172 3607 1518 3682 tricesimo
1549 3606 1736 3700 junii
1775 3608 1885 3682 die
1929 3608 2124 3681 adiit.
2171 3611 2401 3694 Quum
2432 3585 2627 3679 ’illuc
2685 3607 2994 3678 Priolum

754 3728 1127 3805 invitasset
1154 3739 1231 3802 ut
1260 3731 1446 3827 apud
1474 3753 1551 3803 se
1585 3734 1835 3805 scribae
1858 3732 2132 3805 vicibus
2184 3731 2629 3828 fungeretur,
2668 3732 2995 3808 manifes-

820 4012 838 4049 1
871 4007 1123 4071 Rhodius,
1182 4028 1232 4076 p.
1282 4009 1328 4059 4.
1396 4011 1474 4065 Cf.
1531 4016 1749 4064 Lettres
1799 4010 2033 4066 ine'dites
2080 4018 2147 4065 de
2197 4014 2511 4076 Benjamin
2570 4015 2781 4076 Priola,
2832 4024 2991 4073 xvm,

756 4106 806 4157 p.
836 4091 915 4141 26.
971 4109 999 4138 «
1034 4092 1104 4141 M.
1150 4091 1296 4140 Fries
1330 4100 1450 4141 veut
1479 4093 1552 4142 lui
1596 4109 1752 4158 payer
1793 4096 1868 4145 les
1900 4095 2076 4145 debtes
2109 4099 2161 4144 et
2206 4095 2425 4144 cherche
2458 4095 2530 4144 les
2580 4095 2867 4144 creanciers
2905 4094 2994 4159 qui

756 4188 821 4222 ne
862 4171 936 4222 lui
991 4173 1299 4222 demandent
1346 4173 1462 4221 rien
1516 4177 1568 4221 ct
1608 4188 1739 4237 pour
1779 4190 1861 4223 me
1904 4190 2061 4238 payer
2088 4177 2119 4223 3
2151 4174 2252 4222 moi
2301 4174 2333 4221 il
2367 4173 2506 4222 lveut
2550 4189 2648 4222 une
2701 4169 2992 4223 attestation

757 4252 821 4302 de
867 4251 1072 4301 Geneve
1121 4253 1208 4318 qui
1240 4253 1450 4302 l'assure
1490 4268 1588 4317 que
1622 4254 1728 4317 j'ay
1760 4256 1864 4303 este
1892 4254 2022 4302 mari
2054 4254 2115 4302 de
2146 4253 2194 4302 la
2221 4267 2361 4302 soeur
2385 4254 2454 4302 du
2482 4255 2736 4318 capitaine
2764 4252 2991 4302 Micheli.

750 4333 804 4382 A
832 4333 978 4398 quoi,
1020 4333 1158 4398 Mgr,
1209 4334 1280 4382 lui
1329 4338 1435 4383 sert
1470 4348 1528 4382 ce
1577 4333 1736 4394 de'lni,
1793 4347 1879 4383 car
1926 4349 1984 4382 ce
2032 4332 2163 4383 n'est
2216 4328 2371 4398 qu⁴un
2422 4333 2555 4383 delai
2614 4349 2743 4398 pour
2793 4348 2857 4381 ne
2912 4348 2994 4381 me

754 4428 912 4477 payer
954 4429 1061 4478 paS.
1110 4413 1249 4463 Tous
1306 4413 1381 4464 les
1426 4413 1705 4477 capitaines
1738 4413 1930 4463 suisses
1973 4428 2037 4461 ne
2072 4415 2275 4463 sont-ils
2317 4430 2408 4479 pas
2440 4415 2656 4463 temoins
2683 4429 2783 4478 que
2802 4413 2858 4477 je
2887 4413 2994 4461 suis

756 4493 1021 4544 l‘heritier.
1054 4510 1081 4539 u

818 4576 841 4610 ²
867 4571 1010 4625 Lett.
1045 4575 1192 4624 ine'd.
1215 4574 1278 4623 de
1307 4576 1370 4625 Β.
1406 4575 1598 4635 Priolo,
1624 4586 1783 4635 xvm,
1810 4591 1860 4639 p.
1886 4574 1949 4624 26
1971 4580 2022 4622 et
2044 4571 2123 4623 27.

816 4656 841 4694 3
876 4659 1049 4709 Me'm.
1064 4671 1126 4720 p.
1155 4656 1361 4717 servir,
1389 4659 1509 4715 etc..
1540 4670 1632 4719 par
1665 4656 1911 4715 Niceron,
1937 4670 1986 4719 p.
2022 4654 2133 4714 302,
2167 4660 2202 4705 t.
2234 4653 2475 4705 XXXIX.
