3507 5683
789 667 855 717 56
1457 663 2352 716 DEBENJAM1N1PR10L1

788 811 1117 897 perorata
1163 772 1292 888 est,
1314 799 1888 893 abjectissimam
1942 799 2316 893 proditoris
2348 822 2724 894 personam
2751 800 3031 874 Priolus

791 924 1148 1014 sustinuit,
1214 914 1490 1014 ducem,
1542 934 1920 1017 patronum
1964 947 2194 1014 suum,
2263 925 2463 1019 cujus
2501 926 2736 998 omnia
2772 947 3032 999 arcana

790 1050 1067 1145 penitus
1131 1059 1458 1138 noverat,
1519 1050 1595 1120 in
1670 1048 1960 1121 insidias
2035 1040 2437 1139 attrahens,
2515 1049 3032 1145 vilissimasque
3125 1057 3132 1061 ’

789 1175 961 1249 istas
1015 1184 1253 1269 partes
1295 1175 1632 1270 exquisita
1676 1174 2051 1247 admodum
2110 1176 2441 1249 amicitiae
2494 1184 2563 1245 et
2602 1173 2765 1246 fidei
2808 1174 3031 1246 simu-

788 1300 1044 1374 lati-one
1110 1298 1382 1373 fucans.
1447 1300 1627 1386 Quid
1675 1298 1958 1373 multa?
2028 1300 2218 1372 Dum
2295 1299 2623 1372 mandata
2689 1297 3030 1372 Mazarini

789 1427 879 1500 ad
934 1427 1179 1500 ducem
1217 1426 1518 1499 fideliter
1572 1423 1868 1515 ferebat,
1919 1449 2077 1499 eum
2118 1425 2350 1506 simul,
2416 1434 2490 1498 ut
2520 1424 2652 1498 sibi
2692 1425 3031 1520 posticum

789 1561 1075 1648 pararet
1147 1576 1279 1648 quo
1353 1552 1707 1648 posterius
1781 1552 2059 1646 patroni
2139 1553 2322 1623 iram
2353 1632 2366 1642 ,
2401 1549 2685 1646 placare
2757 1560 3025 1646 posset,

790 1676 1118 1750 monebat
1197 1699 1284 1749 ne
1368 1676 1602 1750 aulam
1681 1701 1758 1750 se
1842 1674 2236 1767 conferret,
2315 1676 2556 1749 verbis
2632 1686 2865 1749 tamen
2937 1676 3031 1749 ita

797 1801 1221 1874 obscuritate
1287 1802 1637 1897 implicitis
1702 1813 1782 1875 ut
1861 1802 2387 1896 Longavillaeus
2443 1802 2730 1875 minime
2804 1801 3032 1874 lucida

801 1926 1057 2000 scribae
1099 1950 1250 1999 suae
1276 1928 1567 2000 consilia
1615 1929 1899 2023 exsequi
1948 1950 2383 2024 nequaquam
2428 1928 2800 2000 curaverit.
2835 1929 3027 2001 Res-

796 2052 1043 2149 pondit
1099 2050 1319 2142 enim‚‘
1371 2053 1714 2126 Mazarini
1752 2054 2119 2149 promissis
2156 2052 2500 2125 confisus:
2558 2055 2846 2125 «Posse
2881 2050 3031 2125 fieri

791 2186 868 2248 ut
907 2178 1207 2272 principi
1245 2178 1702 2271 injicerentur
1741 2202 2034 2250 manus:
2098 2176 2220 2249 sed
2280 2176 2537 2250 frustra
2581 2179 2852 2251 moneri
2916 2178 3032 2274 qui

789 2303 1024 2375 omnia
1050 2327 1204 2374 cum
1227 2325 1467 2375 sorore
1497 2302 1874 2399 spernebat
1915 2327 1931 2374 :
1977 2327 2052 2376 se
2073 2313 2334 2393 autem,
2359 2322 2514 2375 cum
2541 2302 2766 2397 pridie
2791 2303 3029 2376 cardi-

790 2427 1020 2498 nalem
1041 2426 1695 2514 conciliasset,nihil
1722 2427 1966 2499 timere
1989 2425 2036 2498 ¹.
2068 2428 2313 2499 »Hinc
2340 2451 2416 2499 se
2452 2450 2539 2499 ex
2573 2450 2741 2500 rure
2763 2428 3032 2501 subur-

789 2551 998 2641 ban0,
1019 2551 1139 2623 ubi
1167 2550 1492 2644 degebat,
1512 2551 1857 2623 Lutetiam
1885 2575 2042 2624 cum
2062 2553 2299 2624 Priolo
2328 2561 2395 2624 et
2425 2553 2838 2649 quibusdam
2868 2553 3026 2625 aliis

791 2699 866 2747 se
899 2672 1257 2749 contulit2.
1302 2678 1532 2748 Penes
1569 2686 1800 2748 autem
1827 2674 1969 2747 fuit
2009 2676 2237 2749 'adhuc
2274 2678 2587 2750 Priolum
2635 2677 3029 2752 libertatem

787 2800 986 2873 ducis
1021 2824 1426 2875 asservare:
1462 2802 1524 2873 is
1553 2803 1765 2893 enim,
1800 2807 2009 2898 quum
2049 2804 2328 2875 domum
2362 2803 2697 2898 petiisset,
2744 2805 3022 2898 anxiuS‚

696 2977 717 2998 .
789 2927 937 2999 sive
963 2929 1243 3023 proprio
1272 2937 1549 3000 naturae
1578 2937 1794 3017 motu,
1842 2930 1991 3000 sive
2039 2927 2319 3000 aliunde
2348 2930 2680 3021 monitus,
2713 2931 3031 3003 Priolum

788 3052 880 3124 ad
933 3052 1381 3128 Cardinalem
1448 3078 1686 3126 rursus
1764 3053 2055 3155 remisit,
2127 3063 2363 3126 utrum
2429 3053 2610 3128 foret
2660 3056 3030 3128 concilium

787 3199 1025 3249 annon
1084 3139 1716 3296 interrssgaturum.
1790 3183 1941 3265 Quo
1997 3178 2178 3264 vis0‚
2251 3188 2525 3250 constat
2575 3180 3032 3253 Mazarinum

789 3302 1088 3374 maxime
1117 3299 1472 3375 turbatum
1512 3326 1693 3394 esse,
1723 3303 2017 3397 perinde
2046 3325 2128 3376 ac
2160 3302 2217 3373 si
2249 3304 2477 3375 omnia
2509 3304 2845 3400 adoperta
2874 3328 3027 3378 esse

788 3426 1237 3499 credidisset:
1287 3428 1659 3500 concilium
1701 3436 1931 3499 tamen
1982 3450 2062 3499 eo
2115 3425 2229 3498 die
2268 3426 2583 3500 futurum
2627 3453 2780 3503 esse
2829 3454 3030 3504 asse-

848 3762 868 3798 ¹
903 3759 1125 3820 Priolus‚
1153 3774 1210 3819 V,
1245 3776 1296 3824 p.
1322 3761 1369 3807 4.
1400 3758 1475 3810 cf.
1502 3759 1565 3809 G.
1600 3760 1839 3809 Priorato
1883 3776 1960 3818 iv,
2006 3776 2056 3824 p.
2089 3760 2153 3810 79
2183 3777 2193 3810 :
2252 3781 2279 3808 (ι
2313 3763 2534 3827 Rispose
2563 3763 2611 3814 al
2635 3764 2765 3815 duca
2789 3760 3029 3816 ch'erano

785 3840 998 3905 sospetti
1043 3855 1071 3888 e
1103 3854 1203 3888 non
1243 3838 1408 3887 realta
1451 3854 1478 3887 e
1507 3840 1604 3888 che
1644 3839 1823 3889 voleva
1854 3840 2070 3890 andarvi
2102 3857 2195 3905 per
2223 3842 2303 3891 far
2360 3844 2569 3893 servitio
2600 3844 2650 3894 al
2682 3846 2950 3896 marchese
2976 3845 3029 3896 di

785 3919 1040 3969 Beveron.
1074 3938 1099 3965 »

847 4000 869 4034 2
898 4000 957 4048 G.
980 3999 1215 4048 Priorato
1249 4015 1327 4057 lv,
1355 4014 1405 4063 p.
1429 4000 1510 4050 79.
1544 4019 1571 4046 «
1593 3998 1832 4049 Salirono
1862 4016 1954 4064 per
1983 4006 2124 4051 tauto
2149 4002 2202 4050 in
2219 4017 2430 4053 carozza
2449 4004 2483 4053 il
2508 4004 2653 4065 duca,
2677 4005 2712 4054 il
2744 4007 3029 4071 presidente

784 4079 835 4128 di
862 4080 1029 4139 Thou,
1065 4079 1240 4129 Priolo
1273 4095 1302 4128 e
1333 4080 1643 4144 Beveron‚.e
1665 4080 1833 4144 guinti
1861 4080 1915 4129 in
1943 4082 2154 4145 Parigi:
2193 4083 2226 4131 il
2258 4083 2390 4133 duca
2414 4086 2671 4136 tendendo
2721 4103 2871 4137 verso
2913 4103 3032 4138 casa

784 4174 876 4207 sua
909 4159 1048 4207 invio
1071 4159 1248 4209 Priolo
1275 4175 1307 4209 a
1332 4160 1571 4209 chiedere
1601 4160 1648 4208 al
1677 4159 1938 4209 cardinale
1967 4176 2021 4211 se
2062 4162 2194 4211 fosse
2225 4163 2480 4228 consiglio
2510 4181 2538 4215 e
2564 4181 2662 4216 no:
2694 4166 2730 4215 il
2761 4167 3031 4217 ‘cardinale

783 4239 1013 4288 vedendo
1041 4238 1219 4288 Priolo
1241 4256 1271 4288 a
1291 4238 1459 4303 quelle
1486 4240 1615 4288 hora
1647 4246 1786 4289 resto
1846 4241 2217 4302 grandemente
2269 4244 2490 4306 turbato,
2524 4245 2782 4296 credendo
2827 4263 2968 4297 esser
2993 4248 3026 4296 il

783 4320 992 4383 negotio
1039 4325 1292 4384 scopert0,
1321 4335 1348 4368 e
1368 4335 1493 4384 pero
1527 4320 1890 4370 contenendosi
1924 4321 1977 4369 in
2003 4322 2211 4372 diversa
2242 4338 2529 4389 apparenza
2573 4327 2831 4391 ordinogli
2863 4328 2912 4378 di
2955 4326 3030 4376 sar

783 4400 1048 4451 intendere
1080 4401 1129 4449 al
1159 4400 1288 4450 duca
1317 4401 1429 4451 chel
1475 4402 1723 4465 consiglio
1753 4403 1796 4451 si
1822 4403 2038 4452 sarebbe
2068 4409 2258 4456 tenutO.
2318 4406 2482 4456 Audon
2500 4408 2673 4457 Priolo
2690 4408 2974 4458 ad’avisare
2994 4409 3026 4458 il

783 4482 937 4532 duca:
971 4481 1131 4545 magli
1164 4483 1416 4546 aggiunse
1444 4482 1640 4532 dhaver
1674 4484 1859 4533 veduto
1896 4484 1931 4532 il
1985 4484 2245 4535 cardinale
2278 4491 2407 4536 tutto
2457 4488 2662 4538 turbato
2692 4505 2720 4538 e
2754 4489 2849 4538 che
2882 4505 3030 4538 senza

783 4562 941 4612 dubio
968 4563 1009 4611 si
1038 4567 1268 4612 tramava
1295 4561 1509 4627 qualche
1539 4578 1655 4612 cosa
1680 4563 1732 4612 di
1767 4565 1962 4628 grande
1989 4565 2160 4627 quella
2182 4582 2317 4615 sera.
2348 4568 2564 4632 Replica
2584 4568 2620 4616 il
2658 4569 2788 4619 duca
2843 4570 3028 4619 trattisi

783 4642 960 4691 rioche
982 4642 1022 4690 si
1053 4641 1219 4705 vuole,
1248 4658 1375 4691 sono
1401 4642 1615 4693 risoluto
1645 4644 1929 4693 d'andarvi.
1965 4644 2142 4693 Priolo
2169 4646 2366 4711 rispose
2418 4648 2513 4697 che
2543 4648 2738 4699 facesse
2770 4648 2939 4713 quella
2960 4649 3028 4712 gli

784 4735 986 4783 pareva,
1010 4737 1090 4770 ma
1121 4722 1218 4770 che
1249 4737 1347 4771 non
1377 4721 1426 4770 lo
1460 4730 1642 4786 poteva
1672 4738 1725 4772 se
1755 4738 1858 4773 non
1887 4724 2221 4788 sconsigliare
2244 4726 2550 4791 d'andargli.
2571 4746 2597 4776 »
