<?xml version="1.0" encoding="UTF-8"?>
<!DOCTYPE html PUBLIC "-//W3C//DTD XHTML 1.0 Transitional//EN"
    "http://www.w3.org/TR/xhtml1/DTD/xhtml1-transitional.dtd">
<html xmlns="http://www.w3.org/1999/xhtml" xml:lang="en" lang="en">
 <head>
  <title>
</title>
<meta http-equiv="Content-Type" content="text/html;charset=utf-8" />
  <meta name='ocr-system' content='tesseract 3.04.00' />
  <meta name='ocr-capabilities' content='ocr_page ocr_carea ocr_par ocr_line ocrx_word'/>
</head>
<body>
  <div class='ocr_page' id='page_1' title='image "./debenjaminiprio00normgoog_0068.png"; bbox 0 0 3507 5683; ppageno 0'>
   <div class='ocr_carea' id='block_1_1' title="bbox 870 626 2428 703">
    <p class='ocr_par' dir='ltr' id='par_1_1' title="bbox 870 626 2428 703">
     <span class='ocr_line' id='line_1_1' title="bbox 870 626 2428 703; baseline 0.001 -2"><span class='ocrx_word' id='word_1_1' title='bbox 870 650 934 701; x_wconf 81' lang='lat'>62</span> <span class='ocrx_word' id='word_1_2' title='bbox 1539 650 1637 700; x_wconf 81' lang='lat' dir='ltr'>DE</span> <span class='ocrx_word' id='word_1_3' title='bbox 1673 626 2112 701; x_wconf 57' lang='lat' dir='ltr'>smaimm</span> <span class='ocrx_word' id='word_1_4' title='bbox 2147 651 2428 703; x_wconf 75' lang='lat' dir='ltr'>Pmom</span> 
     </span>
    </p>
   </div>
   <div class='ocr_carea' id='block_1_2' title="bbox 750 774 3183 4398">
    <p class='ocr_par' dir='ltr' id='par_1_2' title="bbox 750 774 3183 4398">
     <span class='ocr_line' id='line_1_2' title="bbox 870 774 3103 884; baseline -0.002 -22"><span class='ocrx_word' id='word_1_5' title='bbox 870 774 1477 862; x_wconf 87' lang='lat' dir='ltr'>Priolumdomum</span> <span class='ocrx_word' id='word_1_6' title='bbox 1505 786 1904 859; x_wconf 81' lang='lat' dir='ltr'>accersivit.</span> <span class='ocrx_word' id='word_1_7' title='bbox 1935 787 2311 880; x_wconf 80' lang='lat' dir='ltr'>«VocatuS,</span> <span class='ocrx_word' id='word_1_8' title='bbox 2332 787 2557 884; x_wconf 89' lang='lat' dir='ltr'>inquit</span> <span class='ocrx_word' id='word_1_9' title='bbox 2575 787 2885 874; x_wconf 79' lang='lat' dir='ltr'>PrioluS,</span> <span class='ocrx_word' id='word_1_10' title='bbox 2917 787 3103 859; x_wconf 84' lang='lat' dir='ltr'>San-</span> 
     </span>
     <span class='ocr_line' id='line_1_3' title="bbox 868 910 3106 1008; baseline 0.002 -26"><span class='ocrx_word' id='word_1_11' title='bbox 868 910 1458 1004; x_wconf 87' lang='lat' dir='ltr'>Maurium‚adfui</span> <span class='ocrx_word' id='word_1_12' title='bbox 1473 911 1794 1007; x_wconf 81' lang='lat' dir='ltr'>principi,</span> <span class='ocrx_word' id='word_1_13' title='bbox 1810 910 2072 1004; x_wconf 81' lang='lat' dir='ltr'>frigide</span> <span class='ocrx_word' id='word_1_14' title='bbox 2096 922 2429 1007; x_wconf 86' lang='lat' dir='ltr'>exceptus</span> <span class='ocrx_word' id='word_1_15' title='bbox 2450 912 2632 1008; x_wconf 90' lang='lat' dir='ltr'>quod</span> <span class='ocrx_word' id='word_1_16' title='bbox 2657 912 3106 1006; x_wconf 88' lang='lat' dir='ltr'>Reginamde</span> 
     </span>
     <span class='ocr_line' id='line_1_4' title="bbox 866 1036 3096 1132; baseline 0 -24"><span class='ocrx_word' id='word_1_17' title='bbox 866 1037 1001 1109; x_wconf 89' lang='lat' dir='ltr'>fide</span> <span class='ocrx_word' id='word_1_18' title='bbox 1012 1037 1502 1132; x_wconf 87' lang='lat' dir='ltr'>Longavillani</span> <span class='ocrx_word' id='word_1_19' title='bbox 1515 1093 1532 1128; x_wconf 91' lang='lat'>,</span> <span class='ocrx_word' id='word_1_20' title='bbox 1550 1061 1626 1109; x_wconf 88' lang='lat' dir='ltr'>se</span> <span class='ocrx_word' id='word_1_21' title='bbox 1648 1036 2073 1126; x_wconf 86' lang='lat' dir='ltr'>inconsult0‚</span> <span class='ocrx_word' id='word_1_22' title='bbox 2096 1046 2360 1110; x_wconf 87' lang='lat' dir='ltr'>certam</span> <span class='ocrx_word' id='word_1_23' title='bbox 2372 1036 2691 1110; x_wconf 81' lang='lat' dir='ltr'>fecissem</span> <span class='ocrx_word' id='word_1_24' title='bbox 2711 1063 2727 1108; x_wconf 80' lang='lat' dir='ltr'>t</span> <span class='ocrx_word' id='word_1_25' title='bbox 2748 1037 3096 1109; x_wconf 90' lang='lat' dir='ltr'>nihilomi-</span> 
     </span>
     <span class='ocr_line' id='line_1_5' title="bbox 863 1162 3104 1258; baseline 0.001 -25"><span class='ocrx_word' id='word_1_26' title='bbox 863 1185 999 1234; x_wconf 91' lang='lat' dir='ltr'>nus</span> <span class='ocrx_word' id='word_1_27' title='bbox 1013 1186 1153 1233; x_wconf 89' lang='lat' dir='ltr'>non</span> <span class='ocrx_word' id='word_1_28' title='bbox 1172 1162 1559 1234; x_wconf 82' lang='lat' dir='ltr'>detrectavi</span> <span class='ocrx_word' id='word_1_29' title='bbox 1582 1163 2108 1258; x_wconf 89' lang='lat' dir='ltr'>Rothomagum</span> <span class='ocrx_word' id='word_1_30' title='bbox 2128 1163 2218 1235; x_wconf 89' lang='lat' dir='ltr'>ad</span> <span class='ocrx_word' id='word_1_31' title='bbox 2238 1162 2835 1256; x_wconf 87' lang='lat' dir='ltr'>Longavillanum</span> <span class='ocrx_word' id='word_1_32' title='bbox 2856 1185 3104 1258; x_wconf 85' lang='lat' dir='ltr'>prope-</span> 
     </span>
     <span class='ocr_line' id='line_1_6' title="bbox 861 1288 3098 1384; baseline 0 -25"><span class='ocrx_word' id='word_1_33' title='bbox 861 1308 1049 1378; x_wconf 87' lang='lat' dir='ltr'>rare,</span> <span class='ocrx_word' id='word_1_34' title='bbox 1071 1289 1169 1360; x_wconf 91' lang='lat' dir='ltr'>ita</span> <span class='ocrx_word' id='word_1_35' title='bbox 1191 1297 1487 1380; x_wconf 83' lang='lat' dir='ltr'>rogante</span> <span class='ocrx_word' id='word_1_36' title='bbox 1502 1290 1651 1384; x_wconf 87' lang='lat' dir='ltr'>ipso</span> <span class='ocrx_word' id='word_1_37' title='bbox 1672 1288 2011 1383; x_wconf 89' lang='lat' dir='ltr'>principe,</span> <span class='ocrx_word' id='word_1_38' title='bbox 2033 1298 2110 1361; x_wconf 87' lang='lat' dir='ltr'>ut</span> <span class='ocrx_word' id='word_1_39' title='bbox 2132 1288 2486 1361; x_wconf 88' lang='lat' dir='ltr'>traherem</span> <span class='ocrx_word' id='word_1_40' title='bbox 2519 1288 2593 1360; x_wconf 93' lang='lat' dir='ltr'>in</span> <span class='ocrx_word' id='word_1_41' title='bbox 2612 1297 2856 1383; x_wconf 90' lang='lat' dir='ltr'>partes</span> <span class='ocrx_word' id='word_1_42' title='bbox 2875 1289 2937 1361; x_wconf 94' lang='lat' dir='ltr'>si</span> <span class='ocrx_word' id='word_1_43' title='bbox 2952 1289 3098 1362; x_wconf 86' lang='lat' dir='ltr'>fieri</span> 
     </span>
     <span class='ocr_line' id='line_1_7' title="bbox 750 1412 3099 1507; baseline 0 -24"><span class='ocrx_word' id='word_1_44' title='bbox 750 1474 758 1483; x_wconf 92' lang='lat'>.</span> <span class='ocrx_word' id='word_1_45' title='bbox 858 1421 1091 1506; x_wconf 91' lang='lat' dir='ltr'>posset</span> <span class='ocrx_word' id='word_1_46' title='bbox 1119 1435 1534 1507; x_wconf 89' lang='lat' dir='ltr'>suspensum</span> <span class='ocrx_word' id='word_1_47' title='bbox 1565 1422 1634 1484; x_wconf 93' lang='lat' dir='ltr'>et</span> <span class='ocrx_word' id='word_1_48' title='bbox 1669 1413 2019 1485; x_wconf 88' lang='lat' dir='ltr'>incertum</span> <span class='ocrx_word' id='word_1_49' title='bbox 2059 1412 2168 1484; x_wconf 91' lang='lat' dir='ltr'>sui</span> <span class='ocrx_word' id='word_1_50' title='bbox 2209 1412 2580 1485; x_wconf 89' lang='lat' dir='ltr'>mortalem</span> <span class='ocrx_word' id='word_1_51' title='bbox 2609 1423 2677 1485; x_wconf 93' lang='lat' dir='ltr'>et</span> <span class='ocrx_word' id='word_1_52' title='bbox 2714 1412 3099 1485; x_wconf 87' lang='lat' dir='ltr'>libertatem</span> 
     </span>
     <span class='ocr_line' id='line_1_8' title="bbox 824 1537 3099 1634; baseline 0 -25"><span class='ocrx_word' id='word_1_53' title='bbox 824 1539 1310 1634; x_wconf 74' lang='lat' dir='ltr'>&#39;impetrarem</span> <span class='ocrx_word' id='word_1_54' title='bbox 1359 1539 1582 1611; x_wconf 86' lang='lat' dir='ltr'>sorori</span> <span class='ocrx_word' id='word_1_55' title='bbox 1611 1539 1973 1632; x_wconf 84' lang='lat' dir='ltr'>Biturigas</span> <span class='ocrx_word' id='word_1_56' title='bbox 2011 1538 2099 1610; x_wconf 91' lang='lat' dir='ltr'>ad</span> <span class='ocrx_word' id='word_1_57' title='bbox 2131 1537 2678 1611; x_wconf 89' lang='lat' dir='ltr'>Carmelitarum</span> <span class='ocrx_word' id='word_1_58' title='bbox 2720 1539 3099 1611; x_wconf 77' lang='lat' dir='ltr'>caenobium</span> 
     </span>
     <span class='ocr_line' id='line_1_9' title="bbox 858 1662 3100 1758; baseline -0 -23"><span class='ocrx_word' id='word_1_59' title='bbox 858 1687 932 1737; x_wconf 87' lang='lat' dir='ltr'>se</span> <span class='ocrx_word' id='word_1_60' title='bbox 986 1662 1438 1758; x_wconf 79' lang='lat' dir='ltr'>recipiendi1.</span> <span class='ocrx_word' id='word_1_61' title='bbox 1474 1688 1511 1734; x_wconf 86' lang='lat'>»</span> <span class='ocrx_word' id='word_1_62' title='bbox 1555 1665 1920 1757; x_wconf 89' lang='lat' dir='ltr'>Vergente</span> <span class='ocrx_word' id='word_1_63' title='bbox 1980 1673 2210 1736; x_wconf 90' lang='lat' dir='ltr'>autem</span> <span class='ocrx_word' id='word_1_64' title='bbox 2255 1664 2328 1733; x_wconf 93' lang='lat' dir='ltr'>in</span> <span class='ocrx_word' id='word_1_65' title='bbox 2393 1663 2772 1758; x_wconf 89' lang='lat' dir='ltr'>perniciem</span> <span class='ocrx_word' id='word_1_66' title='bbox 2819 1662 3100 1736; x_wconf 85' lang='lat' dir='ltr'>Condaei</span> 
     </span>
     <span class='ocr_line' id='line_1_10' title="bbox 853 1787 3098 1885; baseline 0.001 -26"><span class='ocrx_word' id='word_1_67' title='bbox 853 1787 1162 1879; x_wconf 86' lang='lat' dir='ltr'>fortuna,</span> <span class='ocrx_word' id='word_1_68' title='bbox 1198 1790 1502 1878; x_wconf 82' lang='lat' dir='ltr'>PrioluS,</span> <span class='ocrx_word' id='word_1_69' title='bbox 1528 1798 1605 1862; x_wconf 91' lang='lat' dir='ltr'>ut</span> <span class='ocrx_word' id='word_1_70' title='bbox 1627 1790 1776 1885; x_wconf 90' lang='lat' dir='ltr'>ipse</span> <span class='ocrx_word' id='word_1_71' title='bbox 1809 1789 1878 1860; x_wconf 92' lang='lat' dir='ltr'>in</span> <span class='ocrx_word' id='word_1_72' title='bbox 1902 1789 2193 1862; x_wconf 88' lang='lat' dir='ltr'>historia</span> <span class='ocrx_word' id='word_1_73' title='bbox 2219 1787 2509 1878; x_wconf 90' lang='lat' dir='ltr'>fatetur,</span> <span class='ocrx_word' id='word_1_74' title='bbox 2542 1789 3098 1882; x_wconf 87' lang='lat' dir='ltr'>Longavillaeum</span> 
     </span>
     <span class='ocr_line' id='line_1_11' title="bbox 853 1912 3095 2010; baseline 0.001 -26"><span class='ocrx_word' id='word_1_75' title='bbox 853 1938 992 1985; x_wconf 92' lang='lat' dir='ltr'>non</span> <span class='ocrx_word' id='word_1_76' title='bbox 1055 1914 1249 2009; x_wconf 87' lang='lat' dir='ltr'>prius</span> <span class='ocrx_word' id='word_1_77' title='bbox 1307 1912 1509 1986; x_wconf 71' lang='lat' dir='ltr'>&#39;adire</span> <span class='ocrx_word' id='word_1_78' title='bbox 1574 1916 1887 1987; x_wconf 81' lang='lat' dir='ltr'>decrevit</span> <span class='ocrx_word' id='word_1_79' title='bbox 1941 1936 2147 2010; x_wconf 89' lang='lat' dir='ltr'>quam</span> <span class='ocrx_word' id='word_1_80' title='bbox 2203 1915 2484 1987; x_wconf 91' lang='lat' dir='ltr'>veniam</span> <span class='ocrx_word' id='word_1_81' title='bbox 2570 1915 2975 1987; x_wconf 89' lang='lat' dir='ltr'>discedendi</span> <span class='ocrx_word' id='word_1_82' title='bbox 3056 1937 3095 1986; x_wconf 89' lang='lat' dir='ltr'>a</span> 
     </span>
     <span class='ocr_line' id='line_1_12' title="bbox 852 2040 3097 2136; baseline 0.001 -25"><span class='ocrx_word' id='word_1_83' title='bbox 852 2040 1133 2134; x_wconf 87' lang='lat' dir='ltr'>Regina</span> <span class='ocrx_word' id='word_1_84' title='bbox 1161 2042 1309 2136; x_wconf 89' lang='lat' dir='ltr'>ipsa</span> <span class='ocrx_word' id='word_1_85' title='bbox 1338 2041 1783 2135; x_wconf 86' lang='lat' dir='ltr'>impetrasset</span> <span class='ocrx_word' id='word_1_86' title='bbox 1817 2066 1833 2112; x_wconf 76' lang='grc' dir='ltr'>ε</span> <span class='ocrx_word' id='word_1_87' title='bbox 1873 2064 2007 2136; x_wconf 90' lang='lat' dir='ltr'>qua</span> <span class='ocrx_word' id='word_1_88' title='bbox 2053 2065 2410 2132; x_wconf 90' lang='lat' dir='ltr'>concessa,</span> <span class='ocrx_word' id='word_1_89' title='bbox 2450 2043 2780 2115; x_wconf 84' lang='lat' dir='ltr'>convenit</span> <span class='ocrx_word' id='word_1_90' title='bbox 2805 2042 3097 2135; x_wconf 86' lang='lat' dir='ltr'>Longa-</span> 
     </span>
     <span class='ocr_line' id='line_1_13' title="bbox 851 2164 3090 2263; baseline 0.001 -28"><span class='ocrx_word' id='word_1_91' title='bbox 851 2164 1187 2255; x_wconf 88' lang='lat' dir='ltr'>villaeum,</span> <span class='ocrx_word' id='word_1_92' title='bbox 1234 2167 1460 2260; x_wconf 88' lang='lat' dir='ltr'>potius</span> <span class='ocrx_word' id='word_1_93' title='bbox 1488 2168 1758 2260; x_wconf 82' lang='lat' dir='ltr'>reginae</span> <span class='ocrx_word' id='word_1_94' title='bbox 1796 2177 1864 2239; x_wconf 93' lang='lat' dir='ltr'>et</span> <span class='ocrx_word' id='word_1_95' title='bbox 1889 2168 2231 2241; x_wconf 87' lang='lat' dir='ltr'>Mazarini</span> <span class='ocrx_word' id='word_1_96' title='bbox 2258 2191 2465 2263; x_wconf 89' lang='lat' dir='ltr'>quam</span> <span class='ocrx_word' id='word_1_97' title='bbox 2495 2167 2776 2242; x_wconf 88' lang='lat' dir='ltr'>Condaei</span> <span class='ocrx_word' id='word_1_98' title='bbox 2810 2189 3090 2239; x_wconf 89' lang='lat' dir='ltr'>causam</span> 
     </span>
     <span class='ocr_line' id='line_1_14' title="bbox 848 2290 3093 2365; baseline 0 -3"><span class='ocrx_word' id='word_1_99' title='bbox 848 2299 1161 2363; x_wconf 78' lang='lat' dir='ltr'>acturus,</span> <span class='ocrx_word' id='word_1_100' title='bbox 1238 2290 1656 2364; x_wconf 89' lang='lat' dir='ltr'>Fluctuabat</span> <span class='ocrx_word' id='word_1_101' title='bbox 1716 2302 1948 2365; x_wconf 90' lang='lat' dir='ltr'>autem</span> <span class='ocrx_word' id='word_1_102' title='bbox 1987 2293 2122 2364; x_wconf 84' lang='lat' dir='ltr'>dux</span> <span class='ocrx_word' id='word_1_103' title='bbox 2167 2292 2349 2365; x_wconf 90' lang='lat' dir='ltr'>inter</span> <span class='ocrx_word' id='word_1_104' title='bbox 2375 2293 2658 2365; x_wconf 87' lang='lat' dir='ltr'>diversa</span> <span class='ocrx_word' id='word_1_105' title='bbox 2693 2317 2709 2364; x_wconf 91' lang='lat'>:</span> <span class='ocrx_word' id='word_1_106' title='bbox 2757 2317 2793 2361; x_wconf 88' lang='lat'>«</span> <span class='ocrx_word' id='word_1_107' title='bbox 2834 2292 3093 2364; x_wconf 87' lang='lat' dir='ltr'>Sectari</span> 
     </span>
     <span class='ocr_line' id='line_1_15' title="bbox 846 2415 3090 2514; baseline -0.001 -22"><span class='ocrx_word' id='word_1_108' title='bbox 846 2416 1134 2492; x_wconf 89' lang='lat' dir='ltr'>affinem</span> <span class='ocrx_word' id='word_1_109' title='bbox 1172 2418 1560 2514; x_wconf 90' lang='lat' dir='ltr'>principem</span> <span class='ocrx_word' id='word_1_110' title='bbox 1585 2439 1710 2512; x_wconf 88' lang='lat' dir='ltr'>per</span> <span class='ocrx_word' id='word_1_111' title='bbox 1745 2415 1929 2490; x_wconf 86' lang='lat' dir='ltr'>freta</span> <span class='ocrx_word' id='word_1_112' title='bbox 1967 2426 2035 2488; x_wconf 93' lang='lat' dir='ltr'>et</span> <span class='ocrx_word' id='word_1_113' title='bbox 2065 2416 2388 2512; x_wconf 88' lang='lat' dir='ltr'>scopulos</span> <span class='ocrx_word' id='word_1_114' title='bbox 2425 2440 2597 2512; x_wconf 90' lang='lat' dir='ltr'>quos</span> <span class='ocrx_word' id='word_1_115' title='bbox 2638 2416 2916 2490; x_wconf 89' lang='lat' dir='ltr'>subibat</span> <span class='ocrx_word' id='word_1_116' title='bbox 2945 2417 3090 2489; x_wconf 90' lang='lat' dir='ltr'>alea</span> 
     </span>
     <span class='ocr_line' id='line_1_16' title="bbox 846 2520 3094 2638; baseline -0.001 -22"><span class='ocrx_word' id='word_1_117' title='bbox 846 2544 1260 2638; x_wconf 88' lang='lat' dir='ltr'>periculosa,</span> <span class='ocrx_word' id='word_1_118' title='bbox 1292 2543 1618 2615; x_wconf 87' lang='lat' dir='ltr'>deserere</span> <span class='ocrx_word' id='word_1_119' title='bbox 1635 2520 1795 2615; x_wconf 83' lang='lat' dir='ltr'>eum</span> <span class='ocrx_word' id='word_1_120' title='bbox 1814 2543 2181 2636; x_wconf 87' lang='lat' dir='ltr'>judicabat</span> <span class='ocrx_word' id='word_1_121' title='bbox 2204 2543 2665 2637; x_wconf 91' lang='lat' dir='ltr'>periculosius</span> <span class='ocrx_word' id='word_1_122' title='bbox 2675 2599 2693 2634; x_wconf 89' lang='lat'>,</span> <span class='ocrx_word' id='word_1_123' title='bbox 2720 2543 2884 2638; x_wconf 90' lang='lat' dir='ltr'>quia</span> <span class='ocrx_word' id='word_1_124' title='bbox 2922 2565 3094 2613; x_wconf 88' lang='lat' dir='ltr'>con-</span> 
     </span>
     <span class='ocr_line' id='line_1_17' title="bbox 847 2664 3183 2764; baseline -0.001 -24"><span class='ocrx_word' id='word_1_125' title='bbox 847 2679 1188 2742; x_wconf 90' lang='lat' dir='ltr'>summato</span> <span class='ocrx_word' id='word_1_126' title='bbox 1263 2668 1566 2740; x_wconf 86' lang='lat' dir='ltr'>Condaeo</span> <span class='ocrx_word' id='word_1_127' title='bbox 1632 2668 2183 2763; x_wconf 88' lang='lat' dir='ltr'>Longavillanus</span> <span class='ocrx_word' id='word_1_128' title='bbox 2248 2668 2486 2764; x_wconf 84' lang='lat' dir='ltr'>praeda</span> <span class='ocrx_word' id='word_1_129' title='bbox 2561 2669 2892 2743; x_wconf 88' lang='lat' dir='ltr'>manebat</span> <span class='ocrx_word' id='word_1_130' title='bbox 2937 2664 2998 2740; x_wconf 78' lang='lat'>².</span> <span class='ocrx_word' id='word_1_131' title='bbox 3053 2691 3089 2738; x_wconf 93' lang='lat'>»</span> <span class='ocrx_word' id='word_1_132' title='bbox 3180 2720 3183 2723; x_wconf 85' lang='lat'>-</span> 
     </span>
     <span class='ocr_line' id='line_1_18' title="bbox 846 2793 3089 2890; baseline -0.001 -22"><span class='ocrx_word' id='word_1_133' title='bbox 846 2793 1206 2869; x_wconf 91' lang='lat' dir='ltr'>Infelicem</span> <span class='ocrx_word' id='word_1_134' title='bbox 1259 2793 1640 2868; x_wconf 83' lang='lat' dir='ltr'>Condaeum</span> <span class='ocrx_word' id='word_1_135' title='bbox 1683 2793 1863 2867; x_wconf 90' lang='lat' dir='ltr'>male</span> <span class='ocrx_word' id='word_1_136' title='bbox 1901 2793 2090 2880; x_wconf 88' lang='lat' dir='ltr'>duci,</span> <span class='ocrx_word' id='word_1_137' title='bbox 2140 2794 2320 2867; x_wconf 89' lang='lat' dir='ltr'>male</span> <span class='ocrx_word' id='word_1_138' title='bbox 2396 2793 2633 2867; x_wconf 91' lang='lat' dir='ltr'>Priolo</span> <span class='ocrx_word' id='word_1_139' title='bbox 2692 2794 3089 2890; x_wconf 83' lang='lat' dir='ltr'>praesertim</span> 
     </span>
     <span class='ocr_line' id='line_1_19' title="bbox 845 2920 3090 3017; baseline -0.001 -23"><span class='ocrx_word' id='word_1_140' title='bbox 845 2920 1210 2994; x_wconf 85' lang='lat' dir='ltr'>confisum.</span> <span class='ocrx_word' id='word_1_141' title='bbox 1261 2921 1520 2994; x_wconf 88' lang='lat' dir='ltr'>Redux</span> <span class='ocrx_word' id='word_1_142' title='bbox 1556 2921 1744 2993; x_wconf 92' lang='lat' dir='ltr'>enim</span> <span class='ocrx_word' id='word_1_143' title='bbox 1783 2920 2072 2993; x_wconf 87' lang='lat' dir='ltr'>Priolus</span> <span class='ocrx_word' id='word_1_144' title='bbox 2129 2922 2402 3014; x_wconf 81' lang='lat' dir='ltr'>reginae</span> <span class='ocrx_word' id='word_1_145' title='bbox 2453 2922 2695 2994; x_wconf 85' lang='lat' dir='ltr'>retulit</span> <span class='ocrx_word' id='word_1_146' title='bbox 2740 2945 2899 3017; x_wconf 82' lang='lat' dir='ltr'>quae</span> <span class='ocrx_word' id='word_1_147' title='bbox 2943 2929 3090 2993; x_wconf 85' lang='lat' dir='ltr'>acta</span> 
     </span>
     <span class='ocr_line' id='line_1_20' title="bbox 844 3045 3086 3143; baseline -0.001 -24"><span class='ocrx_word' id='word_1_148' title='bbox 844 3047 1160 3143; x_wconf 82' lang='lat' dir='ltr'>dictaque</span> <span class='ocrx_word' id='word_1_149' title='bbox 1220 3045 1524 3137; x_wconf 88' lang='lat' dir='ltr'>fuerant,</span> <span class='ocrx_word' id='word_1_150' title='bbox 1600 3046 2176 3142; x_wconf 87' lang='lat' dir='ltr'>asseveravitque</span> <span class='ocrx_word' id='word_1_151' title='bbox 2255 3070 2330 3118; x_wconf 87' lang='lat' dir='ltr'>se</span> <span class='ocrx_word' id='word_1_152' title='bbox 2419 3047 2768 3142; x_wconf 88' lang='lat' dir='ltr'>reperisse</span> <span class='ocrx_word' id='word_1_153' title='bbox 2846 3047 3086 3118; x_wconf 90' lang='lat' dir='ltr'>ducem</span> 
     </span>
     <span class='ocr_line' id='line_1_21' title="bbox 843 3170 3075 3267; baseline -0.001 -22"><span class='ocrx_word' id='word_1_154' title='bbox 843 3173 1402 3266; x_wconf 86' lang='lat' dir='ltr'>Longavillaeum</span> <span class='ocrx_word' id='word_1_155' title='bbox 1466 3173 1539 3243; x_wconf 90' lang='lat' dir='ltr'>in</span> <span class='ocrx_word' id='word_1_156' title='bbox 1590 3170 1723 3243; x_wconf 87' lang='lat' dir='ltr'>fide</span> <span class='ocrx_word' id='word_1_157' title='bbox 1785 3172 1940 3265; x_wconf 89' lang='lat' dir='ltr'>regi</span> <span class='ocrx_word' id='word_1_158' title='bbox 2002 3171 2261 3260; x_wconf 87' lang='lat' dir='ltr'>debita,</span> <span class='ocrx_word' id='word_1_159' title='bbox 2306 3172 2542 3243; x_wconf 87' lang='lat' dir='ltr'>multis</span> <span class='ocrx_word' id='word_1_160' title='bbox 2599 3172 2757 3244; x_wconf 89' lang='lat' dir='ltr'>aliis</span> <span class='ocrx_word' id='word_1_161' title='bbox 2792 3172 3075 3267; x_wconf 90' lang='lat' dir='ltr'>insuper</span> 
     </span>
     <span class='ocr_line' id='line_1_22' title="bbox 843 3296 3077 3391; baseline 0.001 -22"><span class='ocrx_word' id='word_1_162' title='bbox 843 3297 1133 3391; x_wconf 84' lang='lat' dir='ltr'>adjectis</span> <span class='ocrx_word' id='word_1_163' title='bbox 1186 3296 1273 3367; x_wconf 91' lang='lat' dir='ltr'>de</span> <span class='ocrx_word' id='word_1_164' title='bbox 1313 3296 1622 3367; x_wconf 90' lang='lat' dir='ltr'>amicitia</span> <span class='ocrx_word' id='word_1_165' title='bbox 1680 3296 1879 3367; x_wconf 90' lang='lat' dir='ltr'>ducis</span> <span class='ocrx_word' id='word_1_166' title='bbox 1942 3318 2115 3389; x_wconf 89' lang='lat' dir='ltr'>erga</span> <span class='ocrx_word' id='word_1_167' title='bbox 2164 3296 2570 3369; x_wconf 87' lang='lat' dir='ltr'>Condaeum.</span> <span class='ocrx_word' id='word_1_168' title='bbox 2628 3300 2796 3385; x_wconf 83' lang='lat' dir='ltr'>Quae</span> <span class='ocrx_word' id='word_1_169' title='bbox 2823 3299 3077 3388; x_wconf 87' lang='lat' dir='ltr'>omnia,</span> 
     </span>
     <span class='ocr_line' id='line_1_23' title="bbox 844 3420 3083 3518; baseline -0 -23"><span class='ocrx_word' id='word_1_170' title='bbox 844 3423 1183 3518; x_wconf 89' lang='lat' dir='ltr'>siquidem</span> <span class='ocrx_word' id='word_1_171' title='bbox 1221 3422 1459 3494; x_wconf 93' lang='lat' dir='ltr'>Priolo</span> <span class='ocrx_word' id='word_1_172' title='bbox 1508 3420 1882 3510; x_wconf 89' lang='lat' dir='ltr'>credimus,</span> <span class='ocrx_word' id='word_1_173' title='bbox 1938 3422 2221 3515; x_wconf 87' lang='lat' dir='ltr'>Regina</span> <span class='ocrx_word' id='word_1_174' title='bbox 2277 3423 2544 3517; x_wconf 87' lang='lat' dir='ltr'>placide</span> <span class='ocrx_word' id='word_1_175' title='bbox 2578 3424 2867 3513; x_wconf 89' lang='lat' dir='ltr'>audivit,</span> <span class='ocrx_word' id='word_1_176' title='bbox 2900 3434 3083 3496; x_wconf 92' lang='lat' dir='ltr'>certa</span> 
     </span>
     <span class='ocr_line' id='line_1_24' title="bbox 843 3547 3084 3644; baseline 0 -24"><span class='ocrx_word' id='word_1_177' title='bbox 843 3572 975 3621; x_wconf 93' lang='lat' dir='ltr'>nec</span> <span class='ocrx_word' id='word_1_178' title='bbox 1013 3570 1394 3643; x_wconf 91' lang='lat' dir='ltr'>provocare</span> <span class='ocrx_word' id='word_1_179' title='bbox 1429 3547 1693 3619; x_wconf 90' lang='lat' dir='ltr'>bellum</span> <span class='ocrx_word' id='word_1_180' title='bbox 1730 3571 1859 3621; x_wconf 91' lang='lat' dir='ltr'>nec</span> <span class='ocrx_word' id='word_1_181' title='bbox 1891 3549 2134 3621; x_wconf 89' lang='lat' dir='ltr'>timere</span> <span class='ocrx_word' id='word_1_182' title='bbox 2171 3547 2224 3621; x_wconf 78' lang='lat'>3.</span> <span class='ocrx_word' id='word_1_183' title='bbox 2281 3548 2568 3621; x_wconf 90' lang='lat' dir='ltr'>Duobus</span> <span class='ocrx_word' id='word_1_184' title='bbox 2611 3549 2890 3621; x_wconf 91' lang='lat' dir='ltr'>circiter</span> <span class='ocrx_word' id='word_1_185' title='bbox 2936 3558 3084 3644; x_wconf 90' lang='lat' dir='ltr'>post</span> 
     </span>
     <span class='ocr_line' id='line_1_25' title="bbox 843 3672 3081 3770; baseline 0.001 -27"><span class='ocrx_word' id='word_1_186' title='bbox 843 3672 1225 3762; x_wconf 79' lang='lat' dir='ltr'>mensibUS,</span> <span class='ocrx_word' id='word_1_187' title='bbox 1273 3695 1487 3769; x_wconf 90' lang='lat' dir='ltr'>quum</span> <span class='ocrx_word' id='word_1_188' title='bbox 1521 3684 1884 3766; x_wconf 87' lang='lat' dir='ltr'>appeteret</span> <span class='ocrx_word' id='word_1_189' title='bbox 1946 3675 2361 3768; x_wconf 86' lang='lat' dir='ltr'>majoritatis</span> <span class='ocrx_word' id='word_1_190' title='bbox 2397 3675 2590 3768; x_wconf 91' lang='lat' dir='ltr'>regis</span> <span class='ocrx_word' id='word_1_191' title='bbox 2620 3675 2768 3748; x_wconf 91' lang='lat' dir='ltr'>dies</span> <span class='ocrx_word' id='word_1_192' title='bbox 2807 3696 2850 3747; x_wconf 93' lang='lat' dir='ltr'>a</span> <span class='ocrx_word' id='word_1_193' title='bbox 2887 3677 3081 3770; x_wconf 85' lang='lat' dir='ltr'>cujus</span> 
     </span>
     <span class='ocr_line' id='line_1_26' title="bbox 843 3798 3083 3890; baseline 0.001 -20"><span class='ocrx_word' id='word_1_194' title='bbox 843 3798 1284 3871; x_wconf 89' lang='lat' dir='ltr'>solemnitate</span> <span class='ocrx_word' id='word_1_195' title='bbox 1331 3798 1678 3870; x_wconf 87' lang='lat' dir='ltr'>Condaeus</span> <span class='ocrx_word' id='word_1_196' title='bbox 1732 3799 1983 3872; x_wconf 88' lang='lat' dir='ltr'>abesse</span> <span class='ocrx_word' id='word_1_197' title='bbox 2050 3800 2527 3890; x_wconf 89' lang='lat' dir='ltr'>constituerat,</span> <span class='ocrx_word' id='word_1_198' title='bbox 2586 3800 2814 3872; x_wconf 89' lang='lat' dir='ltr'>Prioli</span> <span class='ocrx_word' id='word_1_199' title='bbox 2863 3801 3083 3873; x_wconf 91' lang='lat' dir='ltr'>adhuc</span> 
     </span>
     <span class='ocr_line' id='line_1_27' title="bbox 842 3924 3082 4019; baseline 0 -24"><span class='ocrx_word' id='word_1_200' title='bbox 842 3947 1052 4019; x_wconf 91' lang='lat' dir='ltr'>opera</span> <span class='ocrx_word' id='word_1_201' title='bbox 1080 3947 1248 3995; x_wconf 91' lang='lat' dir='ltr'>usus</span> <span class='ocrx_word' id='word_1_202' title='bbox 1284 3934 1389 3995; x_wconf 89' lang='lat' dir='ltr'>est</span> <span class='ocrx_word' id='word_1_203' title='bbox 1427 3933 1501 3994; x_wconf 89' lang='lat' dir='ltr'>ut</span> <span class='ocrx_word' id='word_1_204' title='bbox 1540 3925 1813 4017; x_wconf 79' lang='lat' dir='ltr'>reginae</span> <span class='ocrx_word' id='word_1_205' title='bbox 1846 3924 2170 3998; x_wconf 89' lang='lat' dir='ltr'>suaderet</span> <span class='ocrx_word' id='word_1_206' title='bbox 2197 3949 2236 3997; x_wconf 94' lang='lat' dir='ltr'>e</span> <span class='ocrx_word' id='word_1_207' title='bbox 2257 3926 2615 4018; x_wconf 90' lang='lat' dir='ltr'>republica</span> <span class='ocrx_word' id='word_1_208' title='bbox 2635 3949 2788 3999; x_wconf 92' lang='lat' dir='ltr'>esse</span> <span class='ocrx_word' id='word_1_209' title='bbox 2819 3937 2897 3999; x_wconf 92' lang='lat' dir='ltr'>ut</span> <span class='ocrx_word' id='word_1_210' title='bbox 2929 3950 3082 3999; x_wconf 92' lang='lat' dir='ltr'>cum</span> 
     </span>
     <span class='ocr_line' id='line_1_28' title="bbox 844 4048 3084 4145; baseline 0.001 -24"><span class='ocrx_word' id='word_1_211' title='bbox 844 4048 1324 4143; x_wconf 86' lang='lat' dir='ltr'>Longavillaeo</span> <span class='ocrx_word' id='word_1_212' title='bbox 1373 4050 1811 4139; x_wconf 87' lang='lat' dir='ltr'>conveniret,</span> <span class='ocrx_word' id='word_1_213' title='bbox 1870 4050 2137 4139; x_wconf 87' lang='lat' dir='ltr'>magnis</span> <span class='ocrx_word' id='word_1_214' title='bbox 2180 4051 2267 4122; x_wconf 91' lang='lat' dir='ltr'>de</span> <span class='ocrx_word' id='word_1_215' title='bbox 2293 4051 2505 4122; x_wconf 89' lang='lat' dir='ltr'>rebus</span> <span class='ocrx_word' id='word_1_216' title='bbox 2560 4051 2880 4145; x_wconf 80' lang='lat' dir='ltr'>agendis,</span> <span class='ocrx_word' id='word_1_217' title='bbox 2939 4052 3084 4124; x_wconf 93' lang='lat' dir='ltr'>Nec</span> 
     </span>
     <span class='ocr_line' id='line_1_29' title="bbox 843 4176 3086 4271; baseline 0.002 -26"><span class='ocrx_word' id='word_1_218' title='bbox 843 4176 1098 4246; x_wconf 92' lang='lat' dir='ltr'>mirum</span> <span class='ocrx_word' id='word_1_219' title='bbox 1144 4176 1533 4247; x_wconf 88' lang='lat' dir='ltr'>assensisse</span> <span class='ocrx_word' id='word_1_220' title='bbox 1594 4176 1945 4268; x_wconf 88' lang='lat' dir='ltr'>reginam,</span> <span class='ocrx_word' id='word_1_221' title='bbox 2009 4183 2244 4270; x_wconf 91' lang='lat' dir='ltr'>utpote</span> <span class='ocrx_word' id='word_1_222' title='bbox 2311 4199 2469 4271; x_wconf 79' lang='lat' dir='ltr'>quae</span> <span class='ocrx_word' id='word_1_223' title='bbox 2529 4187 2770 4271; x_wconf 88' lang='lat' dir='ltr'>postea</span> <span class='ocrx_word' id='word_1_224' title='bbox 2816 4201 2905 4250; x_wconf 78' lang='lat' dir='ltr'>ex</span> <span class='ocrx_word' id='word_1_225' title='bbox 2967 4201 3086 4249; x_wconf 91' lang='lat' dir='ltr'>ore</span> 
     </span>
     <span class='ocr_line' id='line_1_30' title="bbox 844 4299 3086 4398; baseline 0 -26"><span class='ocrx_word' id='word_1_226' title='bbox 844 4301 1064 4372; x_wconf 91' lang='lat' dir='ltr'>Prioli</span> <span class='ocrx_word' id='word_1_227' title='bbox 1082 4301 1327 4373; x_wconf 88' lang='lat' dir='ltr'>intima</span> <span class='ocrx_word' id='word_1_228' title='bbox 1362 4300 1648 4372; x_wconf 86' lang='lat' dir='ltr'>Condaei</span> <span class='ocrx_word' id='word_1_229' title='bbox 1676 4307 1744 4370; x_wconf 92' lang='lat' dir='ltr'>et</span> <span class='ocrx_word' id='word_1_230' title='bbox 1772 4299 2233 4393; x_wconf 86' lang='lat' dir='ltr'>Longavillaei</span> <span class='ocrx_word' id='word_1_231' title='bbox 2261 4301 2546 4371; x_wconf 89' lang='lat' dir='ltr'>consilia</span> <span class='ocrx_word' id='word_1_232' title='bbox 2582 4311 2765 4372; x_wconf 88' lang='lat' dir='ltr'>esset</span> <span class='ocrx_word' id='word_1_233' title='bbox 2830 4324 3086 4398; x_wconf 87' lang='lat' dir='ltr'>excep-</span> 
     </span>
    </p>
   </div>
   <div class='ocr_carea' id='block_1_3' title="bbox 909 4553 1478 4780">
    <p class='ocr_par' dir='ltr' id='par_1_3' title="bbox 909 4553 1478 4780">
     <span class='ocr_line' id='line_1_31' title="bbox 910 4553 1478 4619; baseline -0.002 -14"><span class='ocrx_word' id='word_1_234' title='bbox 910 4560 930 4595; x_wconf 82' lang='lat'>¹</span> <span class='ocrx_word' id='word_1_235' title='bbox 964 4553 1188 4615; x_wconf 77' lang='lat' dir='ltr'>PrioluS,</span> <span class='ocrx_word' id='word_1_236' title='bbox 1219 4569 1295 4615; x_wconf 74' lang='lat' dir='ltr'>vi,</span> <span class='ocrx_word' id='word_1_237' title='bbox 1318 4571 1371 4619; x_wconf 91' lang='lat' dir='ltr'>p.</span> <span class='ocrx_word' id='word_1_238' title='bbox 1397 4554 1478 4605; x_wconf 82' lang='lat'>35.</span> 
     </span>
     <span class='ocr_line' id='line_1_32' title="bbox 909 4634 1421 4700; baseline 0.002 -17"><span class='ocrx_word' id='word_1_239' title='bbox 909 4636 932 4671; x_wconf 81' lang='lat'>²</span> <span class='ocrx_word' id='word_1_240' title='bbox 967 4634 1118 4699; x_wconf 88' lang='lat' dir='ltr'>Ibid.,</span> <span class='ocrx_word' id='word_1_241' title='bbox 1150 4650 1227 4696; x_wconf 73' lang='lat' dir='ltr'>w,</span> <span class='ocrx_word' id='word_1_242' title='bbox 1257 4651 1308 4700; x_wconf 88' lang='lat' dir='ltr'>p.</span> <span class='ocrx_word' id='word_1_243' title='bbox 1341 4634 1421 4684; x_wconf 89' lang='lat'>36.</span> 
     </span>
     <span class='ocr_line' id='line_1_33' title="bbox 909 4714 1402 4780; baseline 0.006 -17"><span class='ocrx_word' id='word_1_244' title='bbox 909 4716 933 4751; x_wconf 83' lang='grc'>3</span> <span class='ocrx_word' id='word_1_245' title='bbox 967 4714 1116 4775; x_wconf 83' lang='lat' dir='ltr'>Ibid.,</span> <span class='ocrx_word' id='word_1_246' title='bbox 1148 4730 1219 4773; x_wconf 74' lang='lat' dir='ltr'>vi,</span> <span class='ocrx_word' id='word_1_247' title='bbox 1246 4731 1295 4780; x_wconf 89' lang='lat' dir='ltr'>p.</span> <span class='ocrx_word' id='word_1_248' title='bbox 1318 4714 1402 4766; x_wconf 85' lang='lat'>37.</span> 
     </span>
    </p>
   </div>
  </div>
 </body>
</html>
