3507 5683
1158 670 1361 722 VITA
1393 672 1492 723 ET
1526 671 1894 723 SCRIPTIS
2554 669 2675 721 111·

409 802 547 875 tius
584 802 804 877 fuisse
842 807 1499 880 commentariorum
1555 818 1914 881 auctorem
1982 831 2189 904 quam
2239 807 2648 880 historicum

410 929 758 1000 neminem
795 928 1047 1024 fugiet.
1070 932 1273 1003 Nunc
1305 933 1507 1005 nobis
1544 934 1685 1005 alia
1713 957 1798 1006 ex
1818 943 2015 1028 parte
2048 957 2140 1005 an
2171 932 2384 1006 fuerit
2413 957 2651 1005 rerum

410 1075 702 1144 prorsus
727 1051 953 1125 fidelis
975 1064 1042 1126 et
1063 1064 1294 1128 certus
1314 1066 1661 1148 narrator,
1699 1057 2249 1152 expendendum.
2286 1059 2379 1130 Ut
2418 1067 2650 1130 autem

408 1177 480 1247 id
514 1177 979 1272 perficiamuS,
1022 1179 1175 1272 jam
1192 1180 1544 1277 plerisque
1576 1182 1653 1253 in
1680 1182 1850 1254 locis
1871 1183 2167 1255 secundi
2185 1184 2394 1279 hujus
2423 1184 2651 1257 libelli

409 1303 683 1400 capitiS,
712 1306 1252 1401 quotiescunque
1271 1307 1358 1377 de
1386 1306 1617 1377 Priolo
1647 1306 1994 1403 rebusque
2022 1308 2274 1403 quibus
2304 1310 2495 1382 testis
2529 1310 2650 1382 ad-

412 1428 641 1502 fuerat
658 1431 1020 1523 agebatur,
1043 1430 1455 1520 indicatum,
1474 1432 1821 1503 succurrit
1844 1432 2043 1505 nobis
2064 1457 2234 1528 opus
2275 1434 2644 1531 quoddam,
2682 1514 2687 1517 ,

412 1555 541 1627 sub
592 1553 729 1626 fine
781 1535 1128 1628 millesimi
1185 1567 1282 1646 et,
1315 1558 1922 1654 septingentesimi
1975 1559 2212 1631 saeculi
2282 1561 2356 1630 in
2424 1561 2650 1632 lucem

411 1679 763 1775 prolatum
802 1688 869 1752 et
890 1680 1087 1752 titulo
1120 1682 1218 1753 sic
1238 1683 1645 1776 inscriptum
1691 1708 1706 1754 :
1755 1706 1793 1753 <c
1832 1664 1922 1756 L⁵
1929 1684 2224 1756 histoire
2264 1686 2368 1757 du
2403 1686 2650 1758 cardi-
2686 1739 2693 1745 -

412 1806 541 1878 nal
568 1804 949 1895 Μαῖαν-ἐπ,
983 1829 1111 1901 par
1137 1806 1240 1879 M.
1275 1806 1595 1903 Aubery,
1619 1818 1864 1882 avocat
1891 1831 1982 1881 au
2003 1809 2404 1882 Parlement
2429 1820 2497 1883 et
2517 1832 2651 1882 aux
2687 1870 2691 1884 ,

410 1930 726 2004 Conseils
756 1930 849 2004 du
869 1932 1034 2003 Roi.
1061 1930 1372 2024 AParis,
1399 1933 1561 2004 chez
1579 1934 1825 2029 Denys
1848 1935 2185 2031 Thierry,
2216 1936 2430 2008 1698.
2454 1934 2649 2007 Avec
2688 2000 2691 2007 ,

409 2056 750 2151 privilege
777 2056 869 2127 du
889 2058 1073 2153 Roy.
1089 2081 1126 2127 ))
1147 2057 1512 2131 Albericus
1535 2057 1879 2155 (Aubery)
1898 2060 2088 2131 enim
2106 2060 2398 2132 historia
2432 2059 2650 2131 Prioli
2682 2090 2684 2094 ³

412 2182 607 2270 duce,
643 2191 720 2254 ut
742 2182 841 2254 ita
870 2181 1118 2272 dicam,
1144 2184 1480 2277 magistra
1502 2184 1631 2255 sibi
1665 2185 2040 2277 vindicata,
2075 2183 2223 2257 fere
2252 2186 2327 2256 in
2348 2183 2649 2257 calcibus

412 2307 632 2378 nostri
661 2307 963 2378 hominis
989 2307 1321 2379 continuo
1377 2308 1618 2398 instat,
1665 2308 1868 2380 modo
1924 2308 2243 2402 neglecta
2282 2308 2368 2380 ab
2400 2333 2480 2380 eo
2528 2319 2651 2382 aut

411 2431 691 2521 omissa,
758 2440 881 2502 aut
927 2432 1292 2504 maledicta
1338 2432 1775 2522 criminatuS,
1836 2433 2038 2505 modo
2098 2432 2310 2526 probe
2347 2441 2416 2505 et
2463 2440 2652 2504 recte

412 2565 702 2628 narrata
741 2579 832 2627 ex
853 2557 1167 2651 exemplo
1198 2556 1418 2629 Prioli
1449 2558 1524 2629 in
1560 2558 1740 2630 libro
1800 2582 1923 2651 suo
1952 2560 2105 2652 ipse
2131 2569 2520 2632 exsecutus.
2555 2559 2650 2629 Ut

410 2705 451 2753 a
492 2682 829 2776 principio
879 2685 1239 2754 ambarum
1293 2683 1744 2755 historiarum
1799 2686 2269 2776 exordiamur,
2333 2685 2650 2757 Priolum

412 2809 565 2880 sine
605 2808 1081 2881 controversia
1107 2831 1197 2880 ne
1228 2809 1509 2882 nomine
1530 2810 1809 2906 quidem
1845 2811 1999 2903 ejus
2046 2811 2251 2883 citato
2285 2810 2649 2883 Albericus

407 2935 680 3005 incusat
698 2932 882 3029 quod
910 2934 1305 3005 aLudovico
1334 2934 1573 3005 Tertio
1595 2936 1876 3006 Decimo
1906 2958 2213 3029 pugnam
2235 2936 2650 3007 Rocro‘icam

411 3058 814 3154 praedictam
869 3082 1024 3130 esse
1096 3060 1529 3132 sustinuerit.
1582 3085 1619 3130 «
1657 3061 1750 3131 Le
1772 3063 1940 3153 jour
1969 3061 2054 3131 de
2100 3061 2171 3132 la
2211 3060 2500 3132 bataille
2544 3059 2650 3135 fut

410 3196 918 3258 constamment
959 3187 1022 3257 le
1069 3188 1157 3259 19
1226 3210 1414 3283 may,
1470 3188 1628 3283 cinq
1684 3189 1891 3281 jours
1938 3189 2142 3281 apres
2210 3186 2282 3258 la
2332 3199 2514 3258 mort
2562 3189 2650 3259 de

344 3356 350 3363 -
410 3311 620 3384 Louis
659 3312 851 3400 XIII,
879 3312 965 3384 de
1005 3322 1192 3384 sorte
1229 3336 1359 3408 que
1381 3315 1460 3407 Je
1498 3337 1588 3384 ne
1623 3313 1776 3407 puis
1820 3312 2273 3407 comprendre
2307 3322 2650 3385 comment

410 3463 500 3511 on
523 3462 567 3511 a
591 3442 706 3509 ose
726 3437 997 3531 publier
1024 3461 1159 3532 que
1178 3439 1245 3509 le
1283 3436 1398 3510 feu
1417 3439 1578 3534 Roy
1618 3461 1692 3510 se
1729 3446 2011 3509 sentant
2029 3436 2289 3531 proche
2319 3436 2404 3509 de
2436 3460 2513 3509 sa
2551 3436 2645 3507 fin

408 3562 489 3635 fit
525 3562 810 3656 appeler
836 3560 879 3633 a
906 3584 983 3633 sa
1020 3561 1348 3632 chambre
1382 3562 1486 3632 les
1535 3563 1809 3656 princes
1866 3562 1951 3633 de
2013 3584 2136 3632 son
2204 3583 2388 3652 sang
2425 3572 2491 3662 et
2544 3560 2647 3638 les

409 3687 813 3784 principaux
841 3687 1203 3780 seigneurs
1233 3687 1317 3757 de
1341 3710 1418 3758 sa
1440 3710 1635 3774 cour,
1664 3696 1890 3782 etque
1929 3709 2005 3757 se
2040 3695 2371 3758 tournant
2392 3684 2432 3755 a
2457 3683 2646 3756 l'im-

410 3813 719 3907 proviste
745 3804 912 3884 vers
946 3811 1016 3883 le
1053 3811 1298 3907 prince
1351 3811 1439 3884 de
1479 3812 1741 3902 Conde,
1799 3812 1851 3883 il
1886 3813 1983 3884 lui
2020 3812 2162 3884 dit:
2212 3836 2249 3883 «
2289 3813 2510 3884 Votre
2539 3810 2645 3883 fils

409 3961 448 4010 a
507 3936 702 4009 battu
741 3935 847 4009 les
891 3938 1210 4009 ennemis
1245 3945 1314 4009 et
1355 3940 1707 4030 remporte
1761 3961 1881 4009 sur
1928 3962 2064 4010 eux
2133 3959 2269 4009 une
2323 3934 2643 4032 signalee

408 4062 700 4135 victoire
727 4060 779 4133 1.
837 4085 874 4130 »
956 4061 1245 4133 Dixerat
1324 4063 1514 4134 enim
1587 4062 1868 4134 Priolus
1935 4062 2022 4135 de
2082 4063 2324 4134 eodem
2399 4061 2645 4134 Ludo-

409 4186 559 4259 vico
604 4213 619 4258 ε
669 4212 706 4258 (<
741 4186 1117 4260 Condaeum
1145 4187 1466 4276 intuituS,
1504 4186 1728 4259 Filius
1764 4197 1956 4277 tuuS,
2000 4187 2252 4281 inquit,
2293 4187 2645 4281 insignem

408 4313 766 4385 victoriam
823 4313 1299 4408 reportavit..-.
1365 4314 1443 4384 Id
1492 4321 1654 4385 ante
1692 4312 1998 4385 efflatam
2053 4315 2357 4385 animam
2401 4311 2642 4385 Ludo-

408 4440 606 4512 vicus
663 4439 891 4533 magis
957 4441 1384 4533 praesagium
1445 4462 1648 4535 quam
1695 4439 1948 4511 mentis
1988 4438 2316 4510 alienatae
2360 4438 2644 4530 signum

470 4715 490 4751 ¹
525 4714 751 4780 Aubdry,
778 4717 846 4777 11,
868 4730 920 4780 p.
953 4715 1061 4768 164.
