3507 5683
805 647 870 698 6⁴
1476 649 1575 699 DE
1606 646 2051 701 BENJAMINI
2088 646 2364 698 PRIOLI

811 776 1005 849 simis
1068 750 1377 850 consiliis
1417 778 1533 872 qui
1584 770 2031 849 'concordiam
2097 785 2164 847 et
2227 801 2469 872 pacem
2517 778 2944 875 praedicabat
2973 779 3027 872 ¹,

813 927 996 991 eum,
1032 913 1104 975 ut
1129 926 1323 975 arma
1344 913 1734 999 capesseret
1762 904 2120 997 mediaque
2161 903 2230 975 in
2250 903 2682 977 Normanuia
2706 904 3044 976 vexillum

811 1028 1606 1121 erigeret‚vehementer
1634 1028 2132 1124 interpellavit.
2151 1029 2512 1128 Quumque
2525 1031 3045 1124 Longavillaeus

812 1176 1054 1251 parum
1084 1163 1301 1226 tutam
1320 1177 1476 1226 esse
1497 1165 1564 1228 et
1583 1156 1853 1228 fidelem
1869 1156 1936 1229 N
1940 1154 2321 1230 ormaniam
2338 1167 2730 1250 regereret:
2764 1183 2800 1228 «
2819 1155 3042 1250 Ergo,

812 1280 1034 1375 inquit
1051 1278 1418 1369 CondaeUS,
1435 1290 1510 1352 tu
1522 1304 1632 1353 me
1660 1281 1926 1354 deseris
1941 1293 2009 1356 et
2032 1284 2358 1357 vindictae
2380 1282 2753 1380 relinquis?
2781 1309 2817 1353 »
2834 1280 3050 1356 Com-

813 1404 1061 1476 motior
1080 1405 1604 1499 Longavillaeus
1630 1432 1646 1479 :
1674 1431 1710 1476 «
1735 1407 1896 1479 Non
1924 1408 2055 1480 hoc
2075 1408 2347 1502 faciam,
2373 1411 2622 1508 inquit,
2655 1421 2722 1484 et
2762 1420 3050 1506 pereant

816 1532 1048 1629 potius
1073 1530 1302 1603 omnia
1341 1555 1493 1604 mea
1525 1558 1540 1605 ε
1575 1555 1700 1628 per
1727 1557 2158 1631 quaecunque
2196 1536 2490 1609 adversa
2509 1536 2623 1608 ibo
2662 1536 2786 1608 tibi
2817 1558 3048 1608 comes

816 1667 884 1733 et
935 1656 1252 1731 omnibus
1284 1657 1552 1734 viribus
1603 1671 1831 1734 tecum
1887 1661 2360 1755 periclitabor.
2414 1664 2743 1736 Dextram
2782 1662 3047 1734 dextrae

764 1809 774 1819 ·
817 1784 1195 1877 sociarunt,
1239 1798 1474 1860 mutua
1507 1785 1642 1861 fide
1695 1788 2038 1885 promissa
2063 1789 2115 1855 2.
2168 1814 2203 1857 »
2262 1789 2433 1860 Haec
2478 1798 2663 1877 sunt,
2720 1809 2761 1861 a
2817 1785 3051 1860 Priolo

818 1920 1123 2004 accepta,
1158 1912 1407 2008 quibus
1428 1913 1718 1985 historia
1735 1913 1889 2008 ejus
1907 1913 2125 2008 digna
2145 1937 2298 1986 esse
2319 1913 2597 1987 videtur
2625 1936 2781 2009 quae
2815 1922 3053 2008 poste-

819 2035 1003 2108 ritati
1034 2038 1344 2109 tradatur
1388 2062 1404 2109 :
1437 2038 1809 2111 dolendum
1836 2048 2064 2111 autem
2095 2049 2199 2112 est
2226 2039 2377 2110 haec
2413 2039 2646 2123 omnia
2675 2061 2816 2110 non
2834 2036 3052 2109 fuisse

820 2161 1407 2259 gallicetscripta,
1470 2188 1602 2259 quo
1649 2164 1736 2236 ad
1793 2164 2098 2236 litteram
2163 2136 2559 2260 expressius
2608 2165 2815 2238 etiam
2855 2162 3053 2238 nobis

821 2298 1052 2361 essent
1092 2289 1382 2365 reddita.
1410 2292 1592 2378 Quid
1623 2293 1694 2363 in
1716 2290 1849 2364 hoc
1882 2291 2226 2387 colloquio
2256 2291 2537 2363 Priolus
2559 2292 2857 2365 suaserit
2893 2314 3057 2363 con-

813 2416 1076 2510 jectare
1132 2416 1325 2508 libet,
1397 2441 1522 2488 nec
1587 2418 1850 2513 injuria
1894 2418 2173 2512 scripsit
2211 2418 2282 2487 in
2328 2417 2615 2493 historia
2674 2417 2744 2490 13
2784 2419 3048 2488 Brune.

827 2542 1095 2615 «Prioli
1125 2546 1238 2639 qui
1278 2544 1463 2615 avait
1491 2545 1558 2614 la
1601 2543 1952 2616 confiance
1982 2543 2067 2616 de
2093 2552 2250 2616 tous
2279 2543 2385 2616 les
2415 2542 2597 2615 deux
2654 2566 2742 2614 ne
2789 2539 3050 2613 tendait

825 2666 986 2762 qu'a
1024 2668 1313 2740 fortifier
1340 2668 1803 2741 adroitement
1828 2670 1893 2740 le
1949 2670 2083 2741 duc
2115 2669 2293 2741 dans
2332 2692 2410 2740 sa
2456 2668 2864 2755 resolution,
2920 2664 3055 2737 afin

825 2793 911 2866 de
940 2793 1306 2867 decouvrir
1330 2796 1484 2891 plus
1521 2795 1562 2868 3
1598 2795 1787 2886 fond,
1815 2818 1939 2891 par
1990 2818 2066 2868 sa
2105 2794 2658 2885 resistance,‚les
2689 2791 3059 2865 veritables

826 2920 1137 2994 desseins
1151 2931 1218 2994 et
1236 2930 1453 2993 toutes
1466 2921 1570 2992 les
1584 2922 1925 3014 intrigues
1943 2922 2035 2992 du
2053 2921 2288 3017 prince
2312 2918 2363 2992 ³.
2380 2947 2415 2989 »
2447 2921 2551 2992 De
2564 2918 2804 2992 Priolo
2822 2926 3062 2990 contra

828 3044 1001 3115 nihil
1022 3046 1208 3140 apud
1228 3046 1570 3118 Gualdum
1603 3047 2003 3119 Prioratum
2024 3045 2073 3115 ⁴.
2096 3049 2416 3121 Ceterum
2438 3043 2727 3117 aPriolo
2751 3043 2902 3138 ipso
2927 3066 3058 3137 po-

826 3170 965 3243 tius
991 3194 1193 3265 quam
1215 3170 1302 3242 ab
1341 3169 1498 3242 aliis
1529 3169 1697 3267 quid
1716 3195 1841 3265 per
1872 3172 2005 3242 hoc
2037 3180 2309 3266 tempus
2332 3170 2553 3263 egerit
2576 3167 3056 3261 repetendum.

829 3296 1085 3370 Narrat
1103 3297 1315 3387 enim,
1333 3318 1553 3390 usque
1574 3295 2205 3389 adimprudentiam
2218 3296 2522 3367 vanitate
2547 3292 2827 3365 inflatus
2838 3347 2856 3383 ,
2876 3314 3058 3383 sese,

829 3432 1184 3518 postquam
1224 3421 1566 3493 Condaeus
1610 3445 1697 3493 ex
1746 3419 1916 3492 Tria
1957 3420 2299 3509 discessit,
2359 3420 2702 3492 Lutetiam
2740 3418 3060 3509 rediisse,

832 3549 1165 3620 rationem
1226 3547 1524 3640 Reginae
1578 3545 2008 3617 redditurum
2056 3545 2270 3617 habiti
2322 3568 2764 3638 congressus,
2807 3543 3068 3638 Adjicit

833 3674 1038 3745 etiam
1053 3672 1490 3767 impudenter
1517 3696 1531 3741 ε
1573 3697 1608 3739 «
1641 3672 1733 3743 Ut
1756 3693 1921 3742 vere
1939 3670 2189 3769 dicam,
2211 3670 2463 3765 inquit,
2481 3670 2760 3765 peperci
2782 3670 3067 3763 Longa--

899 3907 916 3940 ¹
951 3904 1154 3973 Priolus
1183 3918 1258 3962 v1,
1281 3919 1332 3968 p.
1364 3903 1443 3962 56,
1473 3904 1553 3953 57.
1595 3921 1619 3949 «
1653 3903 1778 3952 Haec
1798 3908 1846 3952 et
1871 3902 2057 3951 similia
2078 3902 2453 3966 Longavinaeus
2475 3917 2589 3966 quae
2617 3917 2676 3951 eo
2703 3901 2975 3951 audentius
2994 3899 3066 3949 af·

833 3984 983 4033 firmo
1016 3984 1135 4048 quia
1153 3983 1293 4032 solus
1312 3999 1372 4032 ea
1395 3982 1583 4032 audivi.
1612 4000 1636 4028 »

899 4064 921 4099 ²
955 4064 1069 4113 Ibid
1093 4099 1106 4122 ‚
1136 4078 1209 4122 v1‚
1239 4078 1290 4128 p.
1323 4064 1401 4126 57,
1432 4062 1509 4111 58.

898 4144 922 4179 3
956 4143 1208 4201 Labrune,
1244 4157 1297 4201 11,
1330 4158 1377 4205 p.
1433 4144 1479 4192 5.

895 4224 920 4261 ⁴
953 4225 1017 4275 G.
1043 4223 1310 4273 prioratus
1330 4222 1393 4271 de
1410 4224 1704 4287 promisssis
1729 4224 2061 4287 Longavillaei
2079 4224 2214 4272 silet:
2243 4244 2269 4269 α
2291 4223 2376 4272 Μ3
2401 4225 2437 4273 11
2454 4224 2585 4273 duca
2609 4223 2789 4273 stando
2820 4223 2962 4272 saldo
2991 4222 3071 4272 nei

835 4304 1113 4354 concertati
1134 4318 1228 4352 con
1249 4302 1299 4351 la
1328 4309 1486 4363 corte,
1518 4317 1661 4352 come
1685 4305 1773 4368 piu
1804 4308 2000 4353 mature
2031 4320 2057 4353 e
2076 4303 2126 4352 di
2159 4303 2326 4367 spiriti
2352 4304 2439 4367 piu
2462 4303 2620 4367 quiesi
2642 4317 2743 4351 non
2775 4302 2904 4352 volle
2942 4307 3075 4351 met-

837 4384 963 4434 tersi
995 4384 1047 4432 in
1068 4383 1235 4447 questi
1260 4382 1571 4432 embarrazzi
1590 4397 1745 4447 sopra
1784 4383 1978 4432 incerte
2004 4398 2267 4447 sperauze,
2313 4397 2341 4431 e
2381 4382 2486 4432 cosi
2516 4381 2821 4447 uppagatolo
2852 4382 2902 4430 di
2943 4382 3075 4431 belle

838 4463 1015 4530 parole
1048 4463 1091 4513 si
1113 4470 1260 4511 tenne
1309 4462 1454 4511 saldo
1496 4478 1526 4511 a
1549 4462 1714 4527 quelle
1747 4464 1987 4512 massime
2013 4463 2107 4512 che
2132 4462 2347 4511 stimava
2376 4463 2463 4526 piu
2496 4468 2781 4526 opportune
2806 4461 2854 4510 al
2885 4475 2978 4509 suo
2998 4461 3074 4509 in·

841 4551 1050 4603 teresse3
1086 4543 1135 4592 al
1159 4542 1306 4610 quale
1333 4557 1432 4591 non
1457 4543 1707 4607 compliva
1736 4544 1865 4592 tirar
1884 4543 1934 4591 la
1963 4557 2152 4606 guerra
2180 4542 2232 4590 in
2280 4557 2381 4591 11113
2406 4543 2687 4606 provincia,
2721 4556 2870 4590 senza
2910 4541 3077 4590 huone
3105 4572 3112 4577 ·

839 4623 1075 4680 fortezze,
1105 4636 1132 4669 e
1163 4635 1259 4672 con
1289 4622 1376 4685 piu
1415 4621 1723 4685 probabilita
1744 4621 1797 4671 di
1826 4622 2040 4687 perdere
2061 4621 2233 4686 quello
2261 4622 2357 4671 che
2387 4621 2668 4687 possedeva
2700 4636 2797 4684 que
2821 4620 2875 4670 di
2912 4620 3079 4683 guada

838 4716 998 4764 gnare
1030 4701 1109 4750 cio
1131 4702 1225 4751 che
1257 4716 1358 4751 non
1386 4701 1595 4753 haveva.
1622 4721 1646 4750 ιο
1680 4703 1787 4762 (Vl,
1814 4718 1864 4766 p.
1900 4702 2031 4764 142.)
