3507 5683
1248 687 1447 740 vl‘rA
1478 689 1575 739 m·
1606 687 1984 739 SCR1PTIS
2508 666 2512 673 ’
2663 679 2725 731 77

496 823 557 894 is
593 824 969 917 hominem,
1018 850 1230 922 quam
1276 828 1477 920 parvi
1517 825 1789 900 valeret
1839 850 1980 898 non
2029 823 2244 898 semel
2290 812 2655 916 expertus²
2704 843 2719 887 :

497 949 788 1022 mirifice
857 974 1149 1045 prorsus
1219 976 1381 1024 cum
1454 952 1691 1025 indole
1756 961 1825 1024 et
1895 951 2211 1023 extrema
2266 945 2405 1044 qua
2452 964 2728 1039 semper

500 1071 862 1149 laborabat
947 1087 1349 1172 paupertate
1426 1078 1649 1150 Prioli
1733 1077 1965 1148 omnia
2045 1076 2197 1146 haec
2294 1078 2720 1164 congruunt.

500 1199 702 1271 Adde
770 1199 957 1297 quod
1027 1202 1127 1273 sic
1197 1202 1676 1297 intelligamus
1746 1201 2200 1298 quamobrem
2287 1196 2566 1269 Priolus
2654 1195 2730 1265 in

500 1326 804 1419 gratiam
856 1327 1196 1399 Mazarini
1242 1349 1284 1398 a
1344 1351 1479 1423 quo
1533 1327 1684 1399 fere
1729 1327 1968 1399 decem
2013 1325 2219 1398 annis
2270 1324 2725 1410 dissenserat,

505 1450 813 1522 redierit.
893 1435 1279 1526 Praeterea·
1308 1452 1551 1550 quidni
1608 1454 1729 1549 qui
1786 1451 2146 1525 Rohannii
2209 1448 2401 1522 ducis
2463 1446 2730 1518 codices

501 1572 743 1647 forsan
813 1585 961 1648 erat
1034 1578 1351 1668 furatus,
1424 1588 1664 1671 postea
1715 1575 2180 1672 Longavillaei
2230 1596 2488 1647 arcana
2548 1584 2736 1646 certe

501 1699 952 1796 prodiderat,
1031 1703 1520 1775 conscientiam
1587 1703 1805 1774 animi
1870 1705 2122 1775 iterum
2195 1711 2263 1774 et
2324 1701 2734 1795 scriptorum

502 1824 894 1897 libertatem
939 1850 1066 1920 pro
1128 1850 1301 1900 auro
1340 1852 1597 1901 venum
1648 1828 1975 1901 dederit?
2043 1828 2304 1900 Mirum
2369 1835 2611 1898 contra
2665 1822 2736 1894 ni

504 1952 836 2025 fecisset!

600 2077 1269 2177 Quantamcumque‚
1301 2105 1429 2176 pro
1454 2082 1687 2181 venali
1722 2083 2044 2173 historia,
2081 2103 2424 2154 summam
2450 2075 2736 2152 Priolus
2804 2074 2811 2080 ’

501 2213 887 2300 acceperat,
921 2206 1244 2279 maximis
1271 2209 1422 2302 ejus
1443 2207 1832 2301 sumptibus
1869 2207 2085 2301 copiae
2101 2206 2216 2277 vix
2242 2202 2732 2300 suppetebant,

502 2347 727 2426 quum·
744 2355 1115 2404 numerosa
1151 2332 1372 2426 prole,
1406 2344 1671 2426 septem
1691 2332 1958 2405 scilicet
1976 2332 2241 2424 liberiS,
2277 2340 2732 2425 gravaretur:

502 2457 896 2530 addendum
921 2481 1191 2554 quoque
1229 2482 1383 2530 eum
1420 2458 1609 2549 vim,
1642 2458 2079 2553 luxuriaeque
2118 2467 2186 2531 et
2209 2458 2431 2529 omnis
2458 2455 2741 2549 generis

503 2584 774 2657 deliciis
825 2582 1013 2657 ultra
1041 2583 1349 2672 modum,
1393 2584 1737 2679 siquidem
1778 2584 2111 2676 malignis
2155 2583 2591 2655 inimicorum
2628 2582 2742 2652 lo-

503 2710 732 2807 quelis
763 2710 1054 2782 credere
1093 2709 1203 2797 sit,
1248 2708 1654 2781 indulsisse.
1692 2711 1938 2803 Fingit
1977 2709 2298 2782 Rhodius
2327 2731 2482 2779 eum
2523 2706 2740 2778 fuisse

504 2859 715 2930 opum
740 2843 1282 2930 contemptorem
1313 2845 1381 2908 et
1407 2859 1564 2907 cum
1601 2836 1702 2908 rei
1733 2828 2097 2908 familiaris
2129 2834 2478 2929 angustiis
2508 2840 2765 2906 erecto-

504 2983 779 3055 semper
824 2959 1055 3033 animo
1110 2983 1267 3031 esse
1323 2959 1764 3032 colluctatum
1783 2964 1836 3052 23
1895 2958 2063 3057 quid
2094 2968 2328 3032 autem
2367 2961 2453 3032 de
2483 2960 2742 3033 Rhodii

506 3086 833 3179 opinione
905 3084 1342 3156 sentiendum
1390 3085 1540 3177 jam
1617 3084 1914 3157 diximus
1937 3139 1955 3174 ‚
2024 3085 2340 3158 Priolum
2393 3085 2580 3157 enim
2645 3095 2743 3159 tot

503 3209 716 3281 variis
760 3218 828 3283 et
872 3206 1182 3280 mirificis
1240 3209 1604 3281 adornavit
1662 3209 2044 3282 virtutibus
2107 3219 2181 3281 ut
2233 3232 2372 3281 non
2410 3210 2562 3282 sine
2598 3210 2743 3280 dif-

505 3333 817 3408 ficultate
865 3334 1163 3430 quadam
1195 3343 1509 3418 nostrum
1547 3336 1900 3407 hominem
1937 3358 2322 3427 agnoscere
2367 3338 2738 3431 possimus,

436 3436 440 3439 ⁷
506 3460 686 3545 Quid
706 3460 1005 3556 amplius
1032 3459 1308 3532 dicam?
1341 3459 1653 3549 Priolus,
1688 3484 1811 3554 per
1849 3462 2193 3556 reliquum
2217 3462 2383 3534 vitae
2415 3470 2739 3554 tractum,

508 3586 830 3656 maximae
860 3586 1157 3678 egestati
1198 3585 1286 3657 ob
1315 3585 1630 3656 diversas
1668 3608 1913 3657 causas
1940 3585 2307 3675 obnoxius,
2335 3589 2744 3678 potentissi-

508 3734 698 3782 mum
747 3733 1091 3805 quemque
1136 3718 1204 3781 et
1252 3710 1326 3780 in
1375 3710 1621 3803 primis
1670 3710 2074 3783 Colbertum
2138 3712 2748 3807 importunissimis

509 3833 956 3929 petitionibus
994 3833 1322 3906 obsidere
1348 3857 1490 3905 non
1520 3835 1794 3935 desivit.
1837 3837 1987 3920 Quo
2028 3859 2229 3907 nemo
2270 3833 2403 3909 fuit
2436 3837 2510 3907 in
2541 3860 2746 3931 pecu-

574 4102 590 4137 1
635 4102 705 4150 De
733 4101 955 4152 Brienna
994 4118 1128 4168 saepe
1152 4103 1204 4152 in
1236 4104 1466 4168 epistolis
1492 4104 1557 4153 ad
1582 4104 1875 4156 Colbertum
1918 4108 2230 4156 mentionem
2256 4107 2377 4157 facit
2400 4107 2638 4158 Priolus.
2668 4107 2746 4159 Cf.

509 4183 743 4240 LettreS‚
767 4180 901 4232 inst.
933 4189 983 4232 et
1032 4185 1202 4234 me'm.
1235 4184 1299 4232 de
1335 4185 1570 4245 Colbert,
1593 4191 1632 4234 t.
1668 4186 1733 4236 V.
1779 4189 2121 4250 Appendice‚
2176 4203 2228 4251 p.
2257 4188 2368 4237 444.
2418 4204 2446 4232 α
2473 4187 2542 4237 Ce
2570 4188 2748 4244 matin,

509 4260 583 4310 M.
602 4258 653 4309 le
683 4265 850 4310 comte
874 4261 937 4310 de
964 4263 1187 4313 Brienne
1206 4262 1308 4313 m’a
1337 4264 1429 4314 fait
1450 4264 1719 4314 l'honneur
1747 4265 1812 4315 de
1841 4282 1924 4315 me
1954 4268 2100 4316 venir
2128 4268 2249 4317 voir
2277 4273 2328 4316 et
2347 4265 2448 4316 m’a
2477 4266 2552 4316 dit
2593 4266 2748 4317 beau·

509 4354 639 4405 coup
667 4339 731 4389 de
765 4340 945 4391 choses
975 4344 1218 4393 touchant
1245 4359 1364 4395 mon
1393 4359 1636 4410 ouvrage.
1661 4348 1721 4394 Je
1743 4361 1873 4396 veux
1901 4348 2068 4397 croire
2108 4363 2206 4413 que
2251 4347 2303 4396 la
2334 4348 2535 4411 passion
2567 4345 2690 4410 qu'il
2720 4363 2749 4396 a

508 4434 636 4484 pour
655 4419 762 4469 moi
791 4419 839 4468 le
863 4420 954 4470 fait
979 4424 1188 4473 estimer
1206 4423 1443 4474 meilleur
1458 4425 1580 4488 qu'il
1608 4425 1757 4473 n'est.
1774 4445 1799 4471 ι)
1827 4426 1905 4475 Cf.
1932 4441 2153 4490 quoque.
2178 4428 2324 4478 Lett.
2346 4428 2497 4480 inc'd.
2520 4442 2598 4487 iv,
2612 4441 2665 4491 p.
2699 4427 2749 4478 9.

577 4500 601 4536 ²
629 4499 882 4558 Rhodius,
925 4519 977 4567 p.
1008 4504 1077 4562 4.,
1112 4504 1255 4553 Lete.
1293 4505 1442 4555 ine'd.
1484 4504 1561 4564 183
1593 4521 1643 4569 p.
1673 4505 1765 4572 27.
1796 4524 1823 4552 «
1852 4507 1936 4556 Au
1968 4522 2088 4556 nom
2114 4506 2178 4556 de
2215 4507 2364 4567 Dieu‚
2392 4508 2549 4570 Mgr„
2581 4505 2752 4556 saites·

510 4595 638 4630 nous
658 4580 786 4629 faire
819 4582 990 4633 raison
1019 4591 1070 4635 et
1089 4587 1215 4636 c'est
1251 4586 1300 4636 la
1323 4586 1559 4636 derniere
1591 4587 1920 4651 importunite
1952 4603 2048 4653 que
2070 4588 2124 4652 je
2153 4602 2277 4640 vous
2300 4587 2544 4637 donnerai
2574 4588 2639 4636 de
2666 4602 2751 4637 ma

512 4661 612 4747 yie·
640 4661 709 4712 Ce
738 4676 853 4711 sera
871 4678 1001 4727 pour
1030 4665 1237 4716 cloitrer
1256 4673 1387 4718 cette
1419 4683 1608 4732 pauvre
1631 4667 1735 4717 fille
1772 4668 1859 4732 qui
1892 4674 1968 4719 est
2001 4670 2047 4719 le
2098 4670 2203 4719 seul
2237 4669 2622 4734 empechement
2652 4682 2751 4732 que

502 4740 612 4803 sai.
643 4760 669 4787 n
