<?xml version="1.0" encoding="UTF-8"?>
<!DOCTYPE html PUBLIC "-//W3C//DTD XHTML 1.0 Transitional//EN"
    "http://www.w3.org/TR/xhtml1/DTD/xhtml1-transitional.dtd">
<html xmlns="http://www.w3.org/1999/xhtml" xml:lang="en" lang="en">
 <head>
  <title>
</title>
<meta http-equiv="Content-Type" content="text/html;charset=utf-8" />
  <meta name='ocr-system' content='tesseract 3.04.00' />
  <meta name='ocr-capabilities' content='ocr_page ocr_carea ocr_par ocr_line ocrx_word'/>
</head>
<body>
  <div class='ocr_page' id='page_1' title='image "./debenjaminiprio00normgoog_0102.png"; bbox 0 0 3507 5683; ppageno 0'>
   <div class='ocr_carea' id='block_1_1' title="bbox 796 687 2378 742">
    <p class='ocr_par' dir='ltr' id='par_1_1' title="bbox 796 687 2378 742">
     <span class='ocr_line' id='line_1_1' title="bbox 796 687 2378 742; baseline -0.001 0"><span class='ocrx_word' id='word_1_1' title='bbox 796 690 862 742; x_wconf 80' lang='lat'>96</span> <span class='ocrx_word' id='word_1_2' title='bbox 1466 689 1568 739; x_wconf 68' lang='lat' dir='ltr'>DE</span> <span class='ocrx_word' id='word_1_3' title='bbox 1602 687 2056 740; x_wconf 76' lang='lat' dir='ltr'><strong>BENJAMINI</strong></span> <span class='ocrx_word' id='word_1_4' title='bbox 2089 690 2378 741; x_wconf 82' lang='lat' dir='ltr'>PR10L1</span> 
     </span>
    </p>
   </div>
   <div class='ocr_carea' id='block_1_2' title="bbox 787 821 3118 4304">
    <p class='ocr_par' dir='ltr' id='par_1_2' title="bbox 787 821 3118 4304">
     <span class='ocr_line' id='line_1_2' title="bbox 794 821 3048 921; baseline 0.001 -26"><span class='ocrx_word' id='word_1_5' title='bbox 794 822 975 897; x_wconf 86' lang='lat' dir='ltr'>etde</span> <span class='ocrx_word' id='word_1_6' title='bbox 1007 825 1219 897; x_wconf 89' lang='lat' dir='ltr'>rebus</span> <span class='ocrx_word' id='word_1_7' title='bbox 1264 823 1513 920; x_wconf 89' lang='lat' dir='ltr'>quibus</span> <span class='ocrx_word' id='word_1_8' title='bbox 1544 821 1678 897; x_wconf 85' lang='lat' dir='ltr'>fuit</span> <span class='ocrx_word' id='word_1_9' title='bbox 1716 822 2068 896; x_wconf 83' lang='lat' dir='ltr'>admixtus</span> <span class='ocrx_word' id='word_1_10' title='bbox 2105 824 2384 896; x_wconf 89' lang='lat' dir='ltr'>Priolus</span> <span class='ocrx_word' id='word_1_11' title='bbox 2416 825 2762 921; x_wconf 85' lang='lat' dir='ltr'>loquitur!</span> <span class='ocrx_word' id='word_1_12' title='bbox 2822 827 3048 911; x_wconf 86' lang='lat' dir='ltr'>Quam</span> 
     </span>
     <span class='ocr_line' id='line_1_3' title="bbox 787 946 3039 1046; baseline 0.001 -26"><span class='ocrx_word' id='word_1_13' title='bbox 787 948 1137 1042; x_wconf 85' lang='lat' dir='ltr'>jactanter</span> <span class='ocrx_word' id='word_1_14' title='bbox 1156 972 1311 1021; x_wconf 89' lang='lat' dir='ltr'>sese</span> <span class='ocrx_word' id='word_1_15' title='bbox 1330 959 1578 1022; x_wconf 86' lang='lat' dir='ltr'>testem</span> <span class='ocrx_word' id='word_1_16' title='bbox 1596 946 1817 1021; x_wconf 90' lang='lat' dir='ltr'>fuisse</span> <span class='ocrx_word' id='word_1_17' title='bbox 1830 949 2143 1021; x_wconf 90' lang='lat' dir='ltr'>omnium</span> <span class='ocrx_word' id='word_1_18' title='bbox 2174 973 2331 1044; x_wconf 87' lang='lat' dir='ltr'>quae</span> <span class='ocrx_word' id='word_1_19' title='bbox 2355 960 2602 1023; x_wconf 90' lang='lat' dir='ltr'>narrat</span> <span class='ocrx_word' id='word_1_20' title='bbox 2635 960 2967 1046; x_wconf 89' lang='lat' dir='ltr'>personat</span> <span class='ocrx_word' id='word_1_21' title='bbox 2988 950 3039 1022; x_wconf 83' lang='lat'>¹!</span> 
     </span>
     <span class='ocr_line' id='line_1_4' title="bbox 796 1072 3044 1172; baseline 0.001 -25"><span class='ocrx_word' id='word_1_22' title='bbox 796 1072 1020 1158; x_wconf 87' lang='lat' dir='ltr'>Quam</span> <span class='ocrx_word' id='word_1_23' title='bbox 1057 1084 1383 1147; x_wconf 89' lang='lat' dir='ltr'>accurate</span> <span class='ocrx_word' id='word_1_24' title='bbox 1434 1098 1614 1161; x_wconf 89' lang='lat' dir='ltr'>sese,</span> <span class='ocrx_word' id='word_1_25' title='bbox 1672 1075 2220 1171; x_wconf 73' lang='lat' dir='ltr'>quotiescunque</span> <span class='ocrx_word' id='word_1_26' title='bbox 2268 1075 2458 1161; x_wconf 89' lang='lat' dir='ltr'>licet,</span> <span class='ocrx_word' id='word_1_27' title='bbox 2483 1099 2713 1148; x_wconf 79' lang='lat' dir='ltr'>scenae</span> <span class='ocrx_word' id='word_1_28' title='bbox 2751 1076 3044 1172; x_wconf 85' lang='lat' dir='ltr'>loquen-</span> 
     </span>
     <span class='ocr_line' id='line_1_5' title="bbox 796 1199 3048 1296; baseline 0.001 -24"><span class='ocrx_word' id='word_1_29' title='bbox 796 1210 962 1282; x_wconf 86' lang='lat' dir='ltr'>tem,</span> <span class='ocrx_word' id='word_1_30' title='bbox 1020 1201 1526 1289; x_wconf 81' lang='lat' dir='ltr'>consiliantem,</span> <span class='ocrx_word' id='word_1_31' title='bbox 1560 1199 1945 1272; x_wconf 89' lang='lat' dir='ltr'>ardelionis</span> <span class='ocrx_word' id='word_1_32' title='bbox 1974 1199 2137 1296; x_wconf 91' lang='lat' dir='ltr'>plus</span> <span class='ocrx_word' id='word_1_33' title='bbox 2158 1224 2362 1296; x_wconf 91' lang='lat' dir='ltr'>quam</span> <span class='ocrx_word' id='word_1_34' title='bbox 2394 1202 2644 1274; x_wconf 86' lang='lat' dir='ltr'>scribae</span> <span class='ocrx_word' id='word_1_35' title='bbox 2670 1225 3048 1296; x_wconf 89' lang='lat' dir='ltr'>personam</span> 
     </span>
     <span class='ocr_line' id='line_1_6' title="bbox 797 1325 3042 1423; baseline 0.001 -26"><span class='ocrx_word' id='word_1_36' title='bbox 797 1336 1125 1421; x_wconf 83' lang='lat' dir='ltr'>agentem</span> <span class='ocrx_word' id='word_1_37' title='bbox 1155 1327 1428 1399; x_wconf 87' lang='lat' dir='ltr'>inserit.</span> <span class='ocrx_word' id='word_1_38' title='bbox 1469 1326 1716 1422; x_wconf 90' lang='lat' dir='ltr'>Itaque</span> <span class='ocrx_word' id='word_1_39' title='bbox 1745 1327 1897 1420; x_wconf 86' lang='lat' dir='ltr'>ejus</span> <span class='ocrx_word' id='word_1_40' title='bbox 1917 1325 2232 1400; x_wconf 78' lang='lat' dir='ltr'>historiae</span> <span class='ocrx_word' id='word_1_41' title='bbox 2263 1349 2438 1423; x_wconf 91' lang='lat' dir='ltr'>quas</span> <span class='ocrx_word' id='word_1_42' title='bbox 2468 1328 3042 1417; x_wconf 78' lang='lat' dir='ltr'>commentariOS,</span> 
     </span>
     <span class='ocr_line' id='line_1_7' title="bbox 797 1449 3052 1547; baseline 0 -22"><span class='ocrx_word' id='word_1_43' title='bbox 797 1473 969 1547; x_wconf 89' lang='lat' dir='ltr'>pace</span> <span class='ocrx_word' id='word_1_44' title='bbox 1006 1451 1250 1543; x_wconf 90' lang='lat' dir='ltr'>Prioli,</span> <span class='ocrx_word' id='word_1_45' title='bbox 1277 1450 1608 1525; x_wconf 89' lang='lat' dir='ltr'>libentius</span> <span class='ocrx_word' id='word_1_46' title='bbox 1637 1450 1961 1538; x_wconf 81' lang='lat' dir='ltr'>dixerim,</span> <span class='ocrx_word' id='word_1_47' title='bbox 1992 1474 2073 1522; x_wconf 88' lang='lat' dir='ltr'>eo</span> <span class='ocrx_word' id='word_1_48' title='bbox 2101 1451 2438 1546; x_wconf 89' lang='lat' dir='ltr'>majorem</span> <span class='ocrx_word' id='word_1_49' title='bbox 2460 1452 2605 1523; x_wconf 89' lang='lat' dir='ltr'>vim</span> <span class='ocrx_word' id='word_1_50' title='bbox 2652 1461 2721 1523; x_wconf 90' lang='lat' dir='ltr'>et</span> <span class='ocrx_word' id='word_1_51' title='bbox 2746 1449 3052 1525; x_wconf 89' lang='lat' dir='ltr'>fructum</span> 
     </span>
     <span class='ocr_line' id='line_1_8' title="bbox 800 1573 3054 1672; baseline 0.001 -24"><span class='ocrx_word' id='word_1_52' title='bbox 800 1599 1035 1648; x_wconf 89' lang='lat' dir='ltr'>secum</span> <span class='ocrx_word' id='word_1_53' title='bbox 1074 1575 1360 1648; x_wconf 82' lang='lat' dir='ltr'>trahere</span> <span class='ocrx_word' id='word_1_54' title='bbox 1435 1574 1764 1647; x_wconf 83' lang='lat' dir='ltr'>videntur</span> <span class='ocrx_word' id='word_1_55' title='bbox 1826 1573 2012 1671; x_wconf 86' lang='lat' dir='ltr'>quod</span> <span class='ocrx_word' id='word_1_56' title='bbox 2046 1597 2087 1648; x_wconf 93' lang='lat' dir='ltr'>a</span> <span class='ocrx_word' id='word_1_57' title='bbox 2128 1575 2308 1662; x_wconf 87' lang='lat' dir='ltr'>viro,</span> <span class='ocrx_word' id='word_1_58' title='bbox 2365 1576 2752 1672; x_wconf 82' lang='lat' dir='ltr'>principum</span> <span class='ocrx_word' id='word_1_59' title='bbox 2822 1577 3054 1672; x_wconf 89' lang='lat' dir='ltr'>palam</span> 
     </span>
     <span class='ocr_line' id='line_1_9' title="bbox 801 1699 3054 1798; baseline 0.002 -27"><span class='ocrx_word' id='word_1_60' title='bbox 801 1699 1084 1793; x_wconf 82' lang='lat' dir='ltr'>famuIO,</span> <span class='ocrx_word' id='word_1_61' title='bbox 1139 1701 1501 1774; x_wconf 82' lang='lat' dir='ltr'>Mazarino</span> <span class='ocrx_word' id='word_1_62' title='bbox 1555 1700 1739 1773; x_wconf 90' lang='lat' dir='ltr'>clam</span> <span class='ocrx_word' id='word_1_63' title='bbox 1788 1700 2063 1789; x_wconf 83' lang='lat' dir='ltr'>devotO,</span> <span class='ocrx_word' id='word_1_64' title='bbox 2120 1702 2584 1774; x_wconf 85' lang='lat' dir='ltr'>maximorum</span> <span class='ocrx_word' id='word_1_65' title='bbox 2650 1701 3054 1798; x_wconf 82' lang='lat' dir='ltr'>reipublicae</span> 
     </span>
     <span class='ocr_line' id='line_1_10' title="bbox 799 1823 3057 1924; baseline -0.001 -24"><span class='ocrx_word' id='word_1_66' title='bbox 799 1847 1220 1900; x_wconf 90' lang='lat' dir='ltr'>arcanorum</span> <span class='ocrx_word' id='word_1_67' title='bbox 1255 1826 1556 1910; x_wconf 83' lang='lat' dir='ltr'>conscio,</span> <span class='ocrx_word' id='word_1_68' title='bbox 1599 1823 1870 1898; x_wconf 86' lang='lat' dir='ltr'>fuerint</span> <span class='ocrx_word' id='word_1_69' title='bbox 1901 1827 2211 1921; x_wconf 81' lang='lat' dir='ltr'>scriptae.</span> <span class='ocrx_word' id='word_1_70' title='bbox 2243 1827 2487 1924; x_wconf 87' lang='lat' dir='ltr'>Neque</span> <span class='ocrx_word' id='word_1_71' title='bbox 2526 1827 3057 1901; x_wconf 83' lang='lat' dir='ltr'>immeritohaec</span> 
     </span>
     <span class='ocr_line' id='line_1_11' title="bbox 802 1951 3059 2047; baseline 0 -23"><span class='ocrx_word' id='word_1_72' title='bbox 802 1952 890 2026; x_wconf 85' lang='lat' dir='ltr'>de</span> <span class='ocrx_word' id='word_1_73' title='bbox 907 1951 1139 2027; x_wconf 90' lang='lat' dir='ltr'>Priolo</span> <span class='ocrx_word' id='word_1_74' title='bbox 1162 1952 1349 2047; x_wconf 89' lang='lat' dir='ltr'>apud</span> <span class='ocrx_word' id='word_1_75' title='bbox 1388 1951 1746 2026; x_wconf 85' lang='lat' dir='ltr'>St-Simon</span> <span class='ocrx_word' id='word_1_76' title='bbox 1764 1951 2072 2046; x_wconf 85' lang='lat' dir='ltr'>legimus</span> <span class='ocrx_word' id='word_1_77' title='bbox 2111 1978 2128 2024; x_wconf 72' lang='grc' dir='ltr'>ε</span> <span class='ocrx_word' id='word_1_78' title='bbox 2174 1977 2212 2023; x_wconf 87' lang='lat'>«</span> <span class='ocrx_word' id='word_1_79' title='bbox 2236 1954 2474 2027; x_wconf 90' lang='lat' dir='ltr'>Priolo</span> <span class='ocrx_word' id='word_1_80' title='bbox 2512 1978 2554 2027; x_wconf 98' lang='lat' dir='ltr'>a</span> <span class='ocrx_word' id='word_1_81' title='bbox 2583 1952 2705 2026; x_wconf 88' lang='lat' dir='ltr'>fait</span> <span class='ocrx_word' id='word_1_82' title='bbox 2731 1977 2870 2026; x_wconf 89' lang='lat' dir='ltr'>une</span> <span class='ocrx_word' id='word_1_83' title='bbox 2901 1952 3059 2024; x_wconf 89' lang='lat' dir='ltr'>his-</span> 
     </span>
     <span class='ocr_line' id='line_1_12' title="bbox 803 2075 3058 2173; baseline 0 -23"><span class='ocrx_word' id='word_1_84' title='bbox 803 2077 983 2151; x_wconf 83' lang='lat' dir='ltr'>toire</span> <span class='ocrx_word' id='word_1_85' title='bbox 1036 2075 1124 2150; x_wconf 88' lang='lat' dir='ltr'>de</span> <span class='ocrx_word' id='word_1_86' title='bbox 1183 2087 1359 2150; x_wconf 83' lang='lat' dir='ltr'>cette</span> <span class='ocrx_word' id='word_1_87' title='bbox 1407 2078 1732 2150; x_wconf 67' lang='lat' dir='ltr'>minor-ite</span> <span class='ocrx_word' id='word_1_88' title='bbox 1778 2077 1947 2150; x_wconf 91' lang='lat' dir='ltr'>dont</span> <span class='ocrx_word' id='word_1_89' title='bbox 2001 2077 2373 2151; x_wconf 67' lang='lat' dir='ltr'>l’extreme</span> <span class='ocrx_word' id='word_1_90' title='bbox 2436 2080 2773 2173; x_wconf 77' lang='lat' dir='ltr'>elegance</span> <span class='ocrx_word' id='word_1_91' title='bbox 2822 2087 2929 2150; x_wconf 88' lang='lat' dir='ltr'>est</span> <span class='ocrx_word' id='word_1_92' title='bbox 2986 2078 3058 2151; x_wconf 93' lang='lat' dir='ltr'>la</span> 
     </span>
     <span class='ocr_line' id='line_1_13' title="bbox 807 2173 3052 2300; baseline 0 -25"><span class='ocrx_word' id='word_1_93' title='bbox 807 2203 1126 2276; x_wconf 88' lang='lat' dir='ltr'>moindre</span> <span class='ocrx_word' id='word_1_94' title='bbox 1163 2202 1417 2299; x_wconf 88' lang='lat' dir='ltr'>partie.</span> <span class='ocrx_word' id='word_1_95' title='bbox 1478 2203 1586 2276; x_wconf 93' lang='lat' dir='ltr'>On</span> <span class='ocrx_word' id='word_1_96' title='bbox 1610 2229 1660 2300; x_wconf 83' lang='lat' dir='ltr'>y</span> <span class='ocrx_word' id='word_1_97' title='bbox 1697 2173 1844 2275; x_wconf 72' lang='lat' dir='ltr'>voit</span> <span class='ocrx_word' id='word_1_98' title='bbox 1881 2225 1977 2275; x_wconf 92' lang='lat' dir='ltr'>un</span> <span class='ocrx_word' id='word_1_99' title='bbox 2009 2203 2287 2276; x_wconf 89' lang='lat' dir='ltr'>homme</span> <span class='ocrx_word' id='word_1_100' title='bbox 2345 2207 2854 2277; x_wconf 75' lang='lat' dir='ltr'>extremement</span> <span class='ocrx_word' id='word_1_101' title='bbox 2891 2206 3052 2276; x_wconf 89' lang='lat' dir='ltr'>ins-</span> 
     </span>
     <span class='ocr_line' id='line_1_14' title="bbox 807 2328 3058 2414; baseline -0 -12"><span class='ocrx_word' id='word_1_102' title='bbox 807 2330 980 2402; x_wconf 90' lang='lat' dir='ltr'>truit</span> <span class='ocrx_word' id='word_1_103' title='bbox 1016 2338 1087 2402; x_wconf 86' lang='lat' dir='ltr'>et</span> <span class='ocrx_word' id='word_1_104' title='bbox 1124 2338 1415 2401; x_wconf 88' lang='lat' dir='ltr'>souvent</span> <span class='ocrx_word' id='word_1_105' title='bbox 1445 2335 1709 2414; x_wconf 85' lang='lat' dir='ltr'>acteur‚</span> <span class='ocrx_word' id='word_1_106' title='bbox 1757 2329 2045 2401; x_wconf 88' lang='lat' dir='ltr'>traitant</span> <span class='ocrx_word' id='word_1_107' title='bbox 2070 2328 2448 2401; x_wconf 72' lang='lat' dir='ltr'>lui—meme</span> <span class='ocrx_word' id='word_1_108' title='bbox 2469 2352 2644 2401; x_wconf 85' lang='lat' dir='ltr'>avec</span> <span class='ocrx_word' id='word_1_109' title='bbox 2671 2328 2743 2401; x_wconf 93' lang='lat' dir='ltr'>la</span> <span class='ocrx_word' id='word_1_110' title='bbox 2765 2330 2964 2401; x_wconf 89' lang='lat' dir='ltr'>reine</span> <span class='ocrx_word' id='word_1_111' title='bbox 2989 2338 3058 2401; x_wconf 88' lang='lat' dir='ltr'>et</span> 
     </span>
     <span class='ocr_line' id='line_1_15' title="bbox 809 2452 3051 2550; baseline -0 -24"><span class='ocrx_word' id='word_1_112' title='bbox 809 2477 977 2526; x_wconf 86' lang='lat' dir='ltr'>avec</span> <span class='ocrx_word' id='word_1_113' title='bbox 998 2454 1070 2532; x_wconf 81' lang='lat' dir='ltr'>le</span> <span class='ocrx_word' id='word_1_114' title='bbox 1111 2452 1428 2525; x_wconf 87' lang='lat' dir='ltr'>cardinal</span> <span class='ocrx_word' id='word_1_115' title='bbox 1460 2454 1777 2526; x_wconf 89' lang='lat' dir='ltr'>Mazarin</span> <span class='ocrx_word' id='word_1_116' title='bbox 1822 2475 1999 2546; x_wconf 88' lang='lat' dir='ltr'>pour</span> <span class='ocrx_word' id='word_1_117' title='bbox 2044 2476 2216 2526; x_wconf 84' lang='lat' dir='ltr'>ceux</span> <span class='ocrx_word' id='word_1_118' title='bbox 2241 2459 2283 2525; x_wconf 81' lang='lat' dir='ltr'>a</span> <span class='ocrx_word' id='word_1_119' title='bbox 2315 2455 2431 2550; x_wconf 90' lang='lat' dir='ltr'>qui</span> <span class='ocrx_word' id='word_1_120' title='bbox 2457 2455 2508 2525; x_wconf 87' lang='lat' dir='ltr'>il</span> <span class='ocrx_word' id='word_1_121' title='bbox 2542 2455 2713 2526; x_wconf 81' lang='lat' dir='ltr'>etait</span> <span class='ocrx_word' id='word_1_122' title='bbox 2733 2455 3051 2540; x_wconf 78' lang='lat' dir='ltr'>‚attache‚</span> 
     </span>
     <span class='ocr_line' id='line_1_16' title="bbox 809 2577 3058 2674; baseline -0 -23"><span class='ocrx_word' id='word_1_123' title='bbox 809 2592 878 2651; x_wconf 89' lang='lat' dir='ltr'>et</span> <span class='ocrx_word' id='word_1_124' title='bbox 914 2601 1086 2652; x_wconf 87' lang='lat' dir='ltr'>avec</span> <span class='ocrx_word' id='word_1_125' title='bbox 1104 2587 1264 2651; x_wconf 89' lang='lat' dir='ltr'>tous</span> <span class='ocrx_word' id='word_1_126' title='bbox 1287 2577 1391 2650; x_wconf 88' lang='lat' dir='ltr'>les</span> <span class='ocrx_word' id='word_1_127' title='bbox 1430 2600 1909 2674; x_wconf 81' lang='lat' dir='ltr'>personnages</span> <span class='ocrx_word' id='word_1_128' title='bbox 1935 2578 2106 2651; x_wconf 87' lang='lat' dir='ltr'>dont</span> <span class='ocrx_word' id='word_1_129' title='bbox 2126 2579 2175 2650; x_wconf 93' lang='lat' dir='ltr'>il</span> <span class='ocrx_word' id='word_1_130' title='bbox 2199 2577 2331 2652; x_wconf 89' lang='lat' dir='ltr'>fait</span> <span class='ocrx_word' id='word_1_131' title='bbox 2369 2579 2492 2652; x_wconf 88' lang='lat' dir='ltr'>des</span> <span class='ocrx_word' id='word_1_132' title='bbox 2520 2580 2855 2673; x_wconf 90' lang='lat' dir='ltr'>portraits</span> <span class='ocrx_word' id='word_1_133' title='bbox 2885 2602 3058 2674; x_wconf 90' lang='lat' dir='ltr'>par-</span> 
     </span>
     <span class='ocr_line' id='line_1_17' title="bbox 809 2700 3056 2779; baseline 0 -2"><span class='ocrx_word' id='word_1_134' title='bbox 809 2705 1176 2779; x_wconf 85' lang='lat' dir='ltr'>faitement</span> <span class='ocrx_word' id='word_1_135' title='bbox 1240 2704 1739 2777; x_wconf 87' lang='lat' dir='ltr'>ressemblants</span> <span class='ocrx_word' id='word_1_136' title='bbox 1758 2700 1809 2775; x_wconf 77' lang='lat'>².</span> <span class='ocrx_word' id='word_1_137' title='bbox 1857 2729 1895 2776; x_wconf 88' lang='lat'>»</span> <span class='ocrx_word' id='word_1_138' title='bbox 1948 2704 2203 2777; x_wconf 90' lang='lat' dir='ltr'>Iisdem</span> <span class='ocrx_word' id='word_1_139' title='bbox 2243 2705 2330 2776; x_wconf 92' lang='lat' dir='ltr'>de</span> <span class='ocrx_word' id='word_1_140' title='bbox 2369 2705 2599 2777; x_wconf 87' lang='lat' dir='ltr'>causis</span> <span class='ocrx_word' id='word_1_141' title='bbox 2639 2705 2941 2777; x_wconf 76' lang='lat' dir='ltr'>Cher-uel</span> <span class='ocrx_word' id='word_1_142' title='bbox 2979 2706 3056 2777; x_wconf 93' lang='lat' dir='ltr'>in</span> 
     </span>
     <span class='ocr_line' id='line_1_18' title="bbox 810 2830 3063 2927; baseline 0 -25"><span class='ocrx_word' id='word_1_143' title='bbox 810 2831 1099 2904; x_wconf 88' lang='lat' dir='ltr'>historia</span> <span class='ocrx_word' id='word_1_144' title='bbox 1139 2830 1414 2904; x_wconf 83' lang='lat' dir='ltr'>Fundae</span> <span class='ocrx_word' id='word_1_145' title='bbox 1443 2838 1511 2903; x_wconf 88' lang='lat' dir='ltr'>et</span> <span class='ocrx_word' id='word_1_146' title='bbox 1539 2830 1907 2925; x_wconf 85' lang='lat' dir='ltr'>regiminis</span> <span class='ocrx_word' id='word_1_147' title='bbox 1938 2830 2324 2903; x_wconf 87' lang='lat' dir='ltr'>Mazarinei</span> <span class='ocrx_word' id='word_1_148' title='bbox 2383 2854 2592 2927; x_wconf 91' lang='lat' dir='ltr'>quam</span> <span class='ocrx_word' id='word_1_149' title='bbox 2648 2853 2897 2903; x_wconf 86' lang='lat' dir='ltr'>recens</span> <span class='ocrx_word' id='word_1_150' title='bbox 2924 2854 3063 2925; x_wconf 86' lang='lat' dir='ltr'>pu-</span> 
     </span>
     <span class='ocr_line' id='line_1_19' title="bbox 811 2955 3061 3053; baseline 0 -26"><span class='ocrx_word' id='word_1_151' title='bbox 811 2956 1092 3028; x_wconf 88' lang='lat' dir='ltr'>blicavit</span> <span class='ocrx_word' id='word_1_152' title='bbox 1122 2958 1419 3029; x_wconf 85' lang='lat' dir='ltr'>maxime</span> <span class='ocrx_word' id='word_1_153' title='bbox 1453 2957 1687 3028; x_wconf 85' lang='lat' dir='ltr'>Priolo</span> <span class='ocrx_word' id='word_1_154' title='bbox 1731 2981 1904 3029; x_wconf 90' lang='lat' dir='ltr'>usus</span> <span class='ocrx_word' id='word_1_155' title='bbox 1934 2965 2065 3029; x_wconf 87' lang='lat' dir='ltr'>est.</span> <span class='ocrx_word' id='word_1_156' title='bbox 2130 2956 2688 3053; x_wconf 82' lang='lat' dir='ltr'>Quotiescunque</span> <span class='ocrx_word' id='word_1_157' title='bbox 2746 2957 2933 3029; x_wconf 89' lang='lat' dir='ltr'>enim</span> <span class='ocrx_word' id='word_1_158' title='bbox 2974 2955 3061 3028; x_wconf 90' lang='lat' dir='ltr'>de</span> 
     </span>
     <span class='ocr_line' id='line_1_20' title="bbox 811 3058 3059 3179; baseline 0.003 -27"><span class='ocrx_word' id='word_1_159' title='bbox 811 3058 1292 3174; x_wconf 82' lang='lat' dir='ltr'>Longavillaeo</span> <span class='ocrx_word' id='word_1_160' title='bbox 1324 3083 1499 3155; x_wconf 84' lang='lat' dir='ltr'>duce</span> <span class='ocrx_word' id='word_1_161' title='bbox 1528 3090 1648 3155; x_wconf 91' lang='lat' dir='ltr'>aut</span> <span class='ocrx_word' id='word_1_162' title='bbox 1688 3081 1989 3154; x_wconf 87' lang='lat' dir='ltr'>Condaeo</span> <span class='ocrx_word' id='word_1_163' title='bbox 2022 3083 2338 3179; x_wconf 86' lang='lat' dir='ltr'>principe</span> <span class='ocrx_word' id='word_1_164' title='bbox 2375 3083 2615 3177; x_wconf 85' lang='lat' dir='ltr'>agitur</span> <span class='ocrx_word' id='word_1_165' title='bbox 2632 3092 2709 3155; x_wconf 91' lang='lat' dir='ltr'>ut</span> <span class='ocrx_word' id='word_1_166' title='bbox 2748 3106 2959 3177; x_wconf 89' lang='lat' dir='ltr'>supra</span> <span class='ocrx_word' id='word_1_167' title='bbox 2988 3083 3059 3159; x_wconf 87' lang='lat' dir='ltr'>in</span> 
     </span>
     <span class='ocr_line' id='line_1_21' title="bbox 813 3205 3061 3305; baseline 0.001 -28"><span class='ocrx_word' id='word_1_168' title='bbox 813 3205 1086 3279; x_wconf 91' lang='lat' dir='ltr'>duobus</span> <span class='ocrx_word' id='word_1_169' title='bbox 1157 3208 1403 3302; x_wconf 85' lang='lat' dir='ltr'>primis</span> <span class='ocrx_word' id='word_1_170' title='bbox 1455 3207 1668 3304; x_wconf 91' lang='lat' dir='ltr'>hujus</span> <span class='ocrx_word' id='word_1_171' title='bbox 1708 3207 1934 3280; x_wconf 89' lang='lat' dir='ltr'>libelli</span> <span class='ocrx_word' id='word_1_172' title='bbox 1999 3209 2371 3305; x_wconf 83' lang='lat' dir='ltr'>capitibus,</span> <span class='ocrx_word' id='word_1_173' title='bbox 2444 3208 2679 3280; x_wconf 86' lang='lat' dir='ltr'>multis</span> <span class='ocrx_word' id='word_1_174' title='bbox 2728 3208 3061 3302; x_wconf 83' lang='lat' dir='ltr'>exemplis</span> 
     </span>
     <span class='ocr_line' id='line_1_22' title="bbox 813 3331 3063 3428; baseline 0.001 -27"><span class='ocrx_word' id='word_1_175' title='bbox 813 3331 1485 3421; x_wconf 79' lang='lat' dir='ltr'>demonstravimUS,</span> <span class='ocrx_word' id='word_1_176' title='bbox 1580 3332 2053 3404; x_wconf 87' lang='lat' dir='ltr'>consulendus</span> <span class='ocrx_word' id='word_1_177' title='bbox 2151 3340 2393 3405; x_wconf 87' lang='lat' dir='ltr'>noster</span> <span class='ocrx_word' id='word_1_178' title='bbox 2480 3341 2547 3403; x_wconf 88' lang='lat' dir='ltr'>et</span> <span class='ocrx_word' id='word_1_179' title='bbox 2647 3333 3063 3428; x_wconf 89' lang='lat' dir='ltr'>plerumque</span> 
     </span>
     <span class='ocr_line' id='line_1_23' title="bbox 814 3432 3118 3529; baseline 0.003 0"><span class='ocrx_word' id='word_1_180' title='bbox 814 3456 1240 3529; x_wconf 86' lang='lat' dir='ltr'>credendus.</span> <span class='ocrx_word' id='word_1_181' title='bbox 3113 3432 3118 3435; x_wconf 11' lang='lat' dir='ltr'>v</span> 
     </span>
     <span class='ocr_line' id='line_1_24' title="bbox 910 3582 3063 3679; baseline 0 -24"><span class='ocrx_word' id='word_1_182' title='bbox 910 3583 1096 3655; x_wconf 92' lang='lat' dir='ltr'>Hinc</span> <span class='ocrx_word' id='word_1_183' title='bbox 1117 3582 1497 3654; x_wconf 88' lang='lat' dir='ltr'>videndum</span> <span class='ocrx_word' id='word_1_184' title='bbox 1530 3593 1633 3655; x_wconf 86' lang='lat' dir='ltr'>est</span> <span class='ocrx_word' id='word_1_185' title='bbox 1652 3583 1860 3655; x_wconf 91' lang='lat' dir='ltr'>nobis</span> <span class='ocrx_word' id='word_1_186' title='bbox 1880 3593 2223 3679; x_wconf 86' lang='lat' dir='ltr'>quatenus</span> <span class='ocrx_word' id='word_1_187' title='bbox 2241 3584 2327 3654; x_wconf 88' lang='lat' dir='ltr'>sit</span> <span class='ocrx_word' id='word_1_188' title='bbox 2347 3584 2416 3654; x_wconf 90' lang='lat' dir='ltr'>in</span> <span class='ocrx_word' id='word_1_189' title='bbox 2439 3583 2734 3654; x_wconf 86' lang='lat' dir='ltr'>historia</span> <span class='ocrx_word' id='word_1_190' title='bbox 2754 3583 3063 3677; x_wconf 85' lang='lat' dir='ltr'>legenda</span> 
     </span>
     <span class='ocr_line' id='line_1_25' title="bbox 817 3706 3065 3803; baseline 0.001 -25"><span class='ocrx_word' id='word_1_191' title='bbox 817 3708 987 3781; x_wconf 86' lang='lat' dir='ltr'>fides</span> <span class='ocrx_word' id='word_1_192' title='bbox 1026 3707 1418 3781; x_wconf 89' lang='lat' dir='ltr'>adhibenda</span> <span class='ocrx_word' id='word_1_193' title='bbox 1457 3709 1715 3782; x_wconf 86' lang='lat' dir='ltr'>Priolo.</span> <span class='ocrx_word' id='word_1_194' title='bbox 1749 3708 1931 3803; x_wconf 88' lang='lat' dir='ltr'>Ipse,</span> <span class='ocrx_word' id='word_1_195' title='bbox 1968 3708 2039 3778; x_wconf 93' lang='lat' dir='ltr'>in</span> <span class='ocrx_word' id='word_1_196' title='bbox 2071 3707 2277 3803; x_wconf 88' lang='lat' dir='ltr'>primi</span> <span class='ocrx_word' id='word_1_197' title='bbox 2329 3706 2492 3779; x_wconf 87' lang='lat' dir='ltr'>libri</span> <span class='ocrx_word' id='word_1_198' title='bbox 2523 3708 2751 3797; x_wconf 82' lang='lat' dir='ltr'>initio,</span> <span class='ocrx_word' id='word_1_199' title='bbox 2800 3710 3065 3803; x_wconf 88' lang='lat' dir='ltr'>pariter</span> 
     </span>
     <span class='ocr_line' id='line_1_26' title="bbox 816 3832 3066 3927; baseline 0 -21"><span class='ocrx_word' id='word_1_200' title='bbox 816 3836 903 3906; x_wconf 92' lang='lat' dir='ltr'>ab</span> <span class='ocrx_word' id='word_1_201' title='bbox 969 3833 1440 3906; x_wconf 84' lang='lat' dir='ltr'>assentatione</span> <span class='ocrx_word' id='word_1_202' title='bbox 1508 3855 1680 3927; x_wconf 83' lang='lat' dir='ltr'>erga</span> <span class='ocrx_word' id='word_1_203' title='bbox 1727 3833 2242 3927; x_wconf 90' lang='lat' dir='ltr'>potentissimos</span> <span class='ocrx_word' id='word_1_204' title='bbox 2301 3842 2419 3906; x_wconf 90' lang='lat' dir='ltr'>aut</span> <span class='ocrx_word' id='word_1_205' title='bbox 2478 3832 2743 3904; x_wconf 87' lang='lat' dir='ltr'>invidia</span> <span class='ocrx_word' id='word_1_206' title='bbox 2794 3857 2869 3905; x_wconf 88' lang='lat' dir='ltr'>se</span> <span class='ocrx_word' id='word_1_207' title='bbox 2913 3858 3066 3906; x_wconf 88' lang='lat' dir='ltr'>esso</span> 
     </span>
     <span class='ocr_line' id='line_1_27' title="bbox 821 3958 3061 4062; baseline -0.003 -28"><span class='ocrx_word' id='word_1_208' title='bbox 821 3971 1163 4035; x_wconf 87' lang='lat' dir='ltr'>remotum</span> <span class='ocrx_word' id='word_1_209' title='bbox 1198 3960 1272 4029; x_wconf 91' lang='lat' dir='ltr'>in</span> <span class='ocrx_word' id='word_1_210' title='bbox 1310 3958 1678 4062; x_wconf 70' lang='lat' dir='ltr'>scribendo</span> <span class='ocrx_word' id='word_1_211' title='bbox 1705 3959 1927 4061; x_wconf 63' lang='lat' dir='ltr'>Jactat</span> <span class='ocrx_word' id='word_1_212' title='bbox 1968 3983 2005 4028; x_wconf 86' lang='lat'>«</span> <span class='ocrx_word' id='word_1_213' title='bbox 2049 3982 2162 4046; x_wconf 87' lang='lat' dir='ltr'>ne,</span> <span class='ocrx_word' id='word_1_214' title='bbox 2216 3959 2469 4054; x_wconf 87' lang='lat' dir='ltr'>inquit,</span> <span class='ocrx_word' id='word_1_215' title='bbox 2539 3982 2661 4051; x_wconf 86' lang='lat' dir='ltr'>per</span> <span class='ocrx_word' id='word_1_216' title='bbox 2719 3958 3061 4031; x_wconf 87' lang='lat' dir='ltr'>desidiam</span> 
     </span>
     <span class='ocr_line' id='line_1_28' title="bbox 818 4062 3057 4180; baseline -0.002 -19"><span class='ocrx_word' id='word_1_217' title='bbox 818 4098 937 4161; x_wconf 91' lang='lat' dir='ltr'>aut</span> <span class='ocrx_word' id='word_1_218' title='bbox 959 4085 1330 4158; x_wconf 88' lang='lat' dir='ltr'>servilibus</span> <span class='ocrx_word' id='word_1_219' title='bbox 1352 4083 1618 4165; x_wconf 79' lang='lat' dir='ltr'>officiis,</span> <span class='ocrx_word' id='word_1_220' title='bbox 1640 4084 2109 4155; x_wconf 86' lang='lat' dir='ltr'>adulationem</span> <span class='ocrx_word' id='word_1_221' title='bbox 2125 4085 2197 4154; x_wconf 91' lang='lat' dir='ltr'>in</span> <span class='ocrx_word' id='word_1_222' title='bbox 2213 4062 2615 4180; x_wconf 85' lang='lat' dir='ltr'>superiores</span> <span class='ocrx_word' id='word_1_223' title='bbox 2637 4086 3057 4171; x_wconf 85' lang='lat' dir='ltr'>exercend0‚</span> 
     </span>
     <span class='ocr_line' id='line_1_29' title="bbox 823 4209 3069 4304; baseline -0.003 -19"><span class='ocrx_word' id='word_1_224' title='bbox 823 4222 892 4291; x_wconf 86' lang='lat' dir='ltr'>et</span> <span class='ocrx_word' id='word_1_225' title='bbox 920 4211 1166 4284; x_wconf 90' lang='lat' dir='ltr'>Aulam</span> <span class='ocrx_word' id='word_1_226' title='bbox 1196 4209 1573 4282; x_wconf 91' lang='lat' dir='ltr'>lambendo</span> <span class='ocrx_word' id='word_1_227' title='bbox 1609 4209 1795 4281; x_wconf 89' lang='lat' dir='ltr'>inter</span> <span class='ocrx_word' id='word_1_228' title='bbox 1828 4209 2051 4282; x_wconf 90' lang='lat' dir='ltr'>tineas</span> <span class='ocrx_word' id='word_1_229' title='bbox 2091 4210 2357 4281; x_wconf 84' lang='lat' dir='ltr'>inertes</span> <span class='ocrx_word' id='word_1_230' title='bbox 2383 4209 2777 4304; x_wconf 86' lang='lat' dir='ltr'>obsequiosi</span> <span class='ocrx_word' id='word_1_231' title='bbox 2816 4210 3069 4282; x_wconf 86' lang='lat' dir='ltr'>Palatii</span> 
     </span>
    </p>
   </div>
   <div class='ocr_carea' id='block_1_3' title="bbox 823 4506 3069 4654">
    <p class='ocr_par' dir='ltr' id='par_1_3' title="bbox 823 4506 3069 4654">
     <span class='ocr_line' id='line_1_30' title="bbox 887 4506 3069 4576; baseline -0.002 -18"><span class='ocrx_word' id='word_1_232' title='bbox 887 4511 904 4544; x_wconf 85' lang='lat'>¹</span> <span class='ocrx_word' id='word_1_233' title='bbox 944 4508 1020 4558; x_wconf 86' lang='lat' dir='ltr'>Cf.</span> <span class='ocrx_word' id='word_1_234' title='bbox 1058 4509 1283 4568; x_wconf 82' lang='lat' dir='ltr'>Priolus,</span> <span class='ocrx_word' id='word_1_235' title='bbox 1315 4525 1394 4568; x_wconf 86' lang='lat'>111,</span> <span class='ocrx_word' id='word_1_236' title='bbox 1421 4526 1471 4575; x_wconf 87' lang='lat' dir='ltr'>p.</span> <span class='ocrx_word' id='word_1_237' title='bbox 1501 4510 1582 4559; x_wconf 76' lang='lat'>24.</span> <span class='ocrx_word' id='word_1_238' title='bbox 1616 4529 1640 4556; x_wconf 91' lang='lat'>«</span> <span class='ocrx_word' id='word_1_239' title='bbox 1689 4510 1800 4569; x_wconf 90' lang='lat' dir='ltr'>Quo</span> <span class='ocrx_word' id='word_1_240' title='bbox 1824 4510 1954 4559; x_wconf 85' lang='lat' dir='ltr'>mihi</span> <span class='ocrx_word' id='word_1_241' title='bbox 1987 4510 2151 4576; x_wconf 82' lang='lat' dir='ltr'>major</span> <span class='ocrx_word' id='word_1_242' title='bbox 2181 4510 2309 4560; x_wconf 85' lang='lat' dir='ltr'>fides</span> <span class='ocrx_word' id='word_1_243' title='bbox 2359 4510 2651 4560; x_wconf 87' lang='lat' dir='ltr'>adhibenda</span> <span class='ocrx_word' id='word_1_244' title='bbox 2691 4509 2778 4573; x_wconf 88' lang='lat' dir='ltr'>qui</span> <span class='ocrx_word' id='word_1_245' title='bbox 2808 4508 2938 4557; x_wconf 86' lang='lat' dir='ltr'>nihil</span> <span class='ocrx_word' id='word_1_246' title='bbox 2970 4506 3069 4555; x_wconf 86' lang='lat' dir='ltr'>nisi</span> 
     </span>
     <span class='ocr_line' id='line_1_31' title="bbox 823 4586 3069 4654; baseline -0.002 -17"><span class='ocrx_word' id='word_1_247' title='bbox 823 4589 985 4638; x_wconf 86' lang='lat' dir='ltr'>oculis</span> <span class='ocrx_word' id='word_1_248' title='bbox 1011 4593 1060 4638; x_wconf 84' lang='lat' dir='ltr'>et</span> <span class='ocrx_word' id='word_1_249' title='bbox 1082 4589 1293 4639; x_wconf 85' lang='lat' dir='ltr'>auribus</span> <span class='ocrx_word' id='word_1_250' title='bbox 1320 4589 1642 4653; x_wconf 86' lang='lat' dir='ltr'>exploratum</span> <span class='ocrx_word' id='word_1_251' title='bbox 1668 4588 1957 4654; x_wconf 76' lang='lat' dir='ltr'>posteritati</span> <span class='ocrx_word' id='word_1_252' title='bbox 1980 4590 2321 4654; x_wconf 84' lang='lat' dir='ltr'>imputaturus</span> <span class='ocrx_word' id='word_1_253' title='bbox 2353 4605 2482 4639; x_wconf 87' lang='lat' dir='ltr'>sum.</span> <span class='ocrx_word' id='word_1_254' title='bbox 2523 4608 2547 4637; x_wconf 87' lang='lat'>»</span> <span class='ocrx_word' id='word_1_255' title='bbox 2584 4605 2662 4647; x_wconf 83' lang='lat' dir='ltr'>v1,</span> <span class='ocrx_word' id='word_1_256' title='bbox 2698 4605 2747 4654; x_wconf 92' lang='lat' dir='ltr'>p.</span> <span class='ocrx_word' id='word_1_257' title='bbox 2771 4590 2851 4638; x_wconf 75' lang='lat'>57.</span> <span class='ocrx_word' id='word_1_258' title='bbox 2883 4606 2909 4632; x_wconf 88' lang='lat'>«</span> <span class='ocrx_word' id='word_1_259' title='bbox 2959 4586 3069 4636; x_wconf 64' lang='lat' dir='ltr'>Hoc</span> 
     </span>
    </p>
   </div>
   <div class='ocr_carea' id='block_1_4' title="bbox 823 4668 2912 4819">
    <p class='ocr_par' dir='ltr' id='par_1_4' title="bbox 823 4668 2912 4819">
     <span class='ocr_line' id='line_1_32' title="bbox 823 4668 2912 4733; baseline -0.001 -16"><span class='ocrx_word' id='word_1_260' title='bbox 823 4674 873 4717; x_wconf 88' lang='lat' dir='ltr'>et</span> <span class='ocrx_word' id='word_1_261' title='bbox 897 4669 1087 4718; x_wconf 87' lang='lat' dir='ltr'>similia</span> <span class='ocrx_word' id='word_1_262' title='bbox 1121 4669 1497 4733; x_wconf 81' lang='lat' dir='ltr'>Longavillaeus</span> <span class='ocrx_word' id='word_1_263' title='bbox 1527 4685 1641 4733; x_wconf 88' lang='lat' dir='ltr'>quae</span> <span class='ocrx_word' id='word_1_264' title='bbox 1675 4684 1736 4717; x_wconf 81' lang='lat' dir='ltr'>eo</span> <span class='ocrx_word' id='word_1_265' title='bbox 1760 4668 2030 4718; x_wconf 85' lang='lat' dir='ltr'>audentius</span> <span class='ocrx_word' id='word_1_266' title='bbox 2054 4669 2256 4719; x_wconf 84' lang='lat' dir='ltr'>affirmo</span> <span class='ocrx_word' id='word_1_267' title='bbox 2278 4670 2398 4733; x_wconf 83' lang='lat' dir='ltr'>quia</span> <span class='ocrx_word' id='word_1_268' title='bbox 2421 4669 2560 4719; x_wconf 83' lang='lat' dir='ltr'>solus</span> <span class='ocrx_word' id='word_1_269' title='bbox 2581 4685 2641 4719; x_wconf 86' lang='lat' dir='ltr'>ea</span> <span class='ocrx_word' id='word_1_270' title='bbox 2661 4668 2831 4718; x_wconf 86' lang='lat' dir='ltr'>audivi</span> <span class='ocrx_word' id='word_1_271' title='bbox 2892 4686 2912 4710; x_wconf 76' lang='lat' dir='ltr'>n</span> 
     </span>
     <span class='ocr_line' id='line_1_33' title="bbox 886 4747 2590 4819; baseline 0.002 -22"><span class='ocrx_word' id='word_1_272' title='bbox 886 4749 910 4785; x_wconf 78' lang='lat'><strong>²</strong></span> <span class='ocrx_word' id='word_1_273' title='bbox 938 4748 1304 4800; x_wconf 74' lang='lat' dir='ltr'>saint-Simon.</span> <span class='ocrx_word' id='word_1_274' title='bbox 1335 4748 1428 4817; x_wconf 79' lang='lat' dir='ltr'>Ed.</span> <span class='ocrx_word' id='word_1_275' title='bbox 1457 4747 1693 4801; x_wconf 86' lang='lat' dir='ltr'>Boislisle</span> <span class='ocrx_word' id='word_1_276' title='bbox 1717 4747 1858 4798; x_wconf 79' lang='lat'>1879.</span> <span class='ocrx_word' id='word_1_277' title='bbox 1895 4747 2074 4802; x_wconf 74' lang='lat' dir='ltr'>Annee</span> <span class='ocrx_word' id='word_1_278' title='bbox 2098 4748 2240 4809; x_wconf 83' lang='lat'>1693,</span> <span class='ocrx_word' id='word_1_279' title='bbox 2262 4754 2301 4799; x_wconf 87' lang='lat' dir='ltr'>t.</span> <span class='ocrx_word' id='word_1_280' title='bbox 2327 4750 2372 4808; x_wconf 87' lang='lat'>1,</span> <span class='ocrx_word' id='word_1_281' title='bbox 2405 4765 2451 4819; x_wconf 88' lang='lat' dir='ltr'>p.</span> <span class='ocrx_word' id='word_1_282' title='bbox 2482 4749 2590 4803; x_wconf 81' lang='lat'><strong>183.</strong></span> 
     </span>
    </p>
   </div>
   <div class='ocr_carea' id='block_1_5' title="bbox 3444 1238 3450 1870">
    <p class='ocr_par' dir='ltr' id='par_1_5' title="bbox 3444 1238 3450 1870">
     <span class='ocr_line' id='line_1_34' title="bbox 3444 1238 3450 1870; baseline 0 0"><span class='ocrx_word' id='word_1_283' title='bbox 3444 1238 3450 1870; x_wconf 95' lang='lat' dir='ltr'> </span> 
     </span>
    </p>
   </div>
  </div>
 </body>
</html>
