3507 5683
1211 581 1407 632 VITA
1442 580 1537 631 ΕΤ
1572 581 1954 639 SCRIPTIS
2010 596 2011 599 ’
2641 580 2703 630 43

463 726 528 788 et
579 718 770 788 aussi
815 718 985 812 qu'il
1048 743 1136 791 ne
1196 742 1517 791 remuera
1557 721 1840 815 jamaiS,
1899 721 2073 792 mais
2123 721 2328 816 qu’on
2391 721 2458 790 le
2515 719 2702 790 croie

457 842 737 936 capable
803 843 891 915 de
955 843 1022 915 le
1088 842 1291 932 faire,
1350 843 1486 915 afin
1538 845 1691 916 d'en
1752 846 1928 915 tirer
1987 845 2288 941 quelque
2327 845 2534 939 profit
2573 842 2618 915 ¹.
2659 868 2697 913 »

459 969 872 1060 Congruunt
902 970 1180 1062 quidem
1220 969 1510 1042 mirifice
1557 971 1709 1041 haec
1737 970 2072 1041 Mazarini
2121 969 2334 1042 verba
2361 994 2520 1041 cum
2549 969 2700 1040 his—

456 1091 629 1163 toria
651 1094 868 1164 Prioli
897 1119 912 1164 :
946 1093 1316 1166 manifeste
1350 1119 1623 1191 quoque
1651 1097 2025 1166 ostendunt
2048 1085 2253 1189 quam
2274 1121 2354 1170 eo
2386 1107 2699 1192 tempore

455 1237 825 1309 personam
868 1219 1092 1311 egerit
1147 1231 1383 1292 noster
1428 1242 1442 1293 ε
1492 1244 1721 1316 neque
1768 1221 1900 1292 alia
1935 1221 2187 1292 desunt
2223 1222 2300 1292 in
2347 1222 2698 1319 codicibus

454 1341 833 1413 cardinalis
859 1343 1151 1437 aliisque
1184 1345 1259 1415 in
1290 1345 1458 1416 locis
1486 1369 1641 1440 quae
1667 1346 1855 1417 idem
1891 1346 2198 1440 apertius
2234 1347 2444 1419 etiam
2476 1347 2697 1420 decla·

455 1476 636 1540 rent.

548 1592 961 1690 Quanquam
1026 1607 1257 1669 autem
1306 1596 1663 1668 Mancinei
1718 1596 2035 1690 conjugii
2087 1619 2246 1691 spes
2274 1606 2686 1686 evanuerat,

452 1717 840 1790 mercedem
869 1722 1070 1814 petiit
1098 1720 1621 1815 Longavillaeus
1643 1732 1709 1794 et
1730 1746 1858 1817 per
1908 1723 2227 1794 Priolum
2263 1744 2304 1792 a
2336 1722 2690 1794 Mazarino

450 1818 833 1916 Havraeam
859 1869 1091 1919 arcem
1113 1849 1474 1942 requirere
1508 1872 1646 1919 non
1687 1848 2063 1920 dubitavit.
2102 1848 2490 1919 Maximam
2525 1848 2687 1942 qui—

451 1971 604 2041 dem
638 1995 785 2043 rem
807 1985 878 2044 et
907 1974 1176 2044 meritis
1197 1972 1382 2044 ultra
1403 1973 1684 2045 modum
1711 1997 2205 2068 responsuram
2236 1973 2679 2068 exposcebat,

449 2123 659 2192 quum
683 2100 833 2194 jam
869 2099 933 2170 N
939 2099 1327 2170 ormanniae
1362 2109 1721 2193 praeesset.
1756 2099 2176 2187 CardinaliS,
2217 2099 2574 2188 dilatione,
2609 2107 2682 2168 ut

449 2234 601 2295 erat
635 2248 811 2313 mos,
848 2246 1043 2313 usuS,
1103 2222 1288 2319 quod
1325 2223 1688 2318 petebatur
1726 2248 1950 2319 neque
2001 2223 2376 2295 admodum
2415 2224 2679 2317 respuit

446 2362 669 2444 neque
698 2349 1080 2422 concedere
1104 2351 1290 2421 visus
1311 2358 1418 2421 est
1445 2375 1460 2418 :
1501 2349 1856 2444 respondit
1875 2349 2353 2422 tantummodo
2374 2373 2514 2421 non
2526 2372 2680 2421 esse

444 2479 549 2547 sui
579 2477 767 2570 juris
798 2485 864 2548 et
901 2476 1144 2546 mirari
1182 2500 1257 2548 se
1288 2461 2052 2570 quodLongavil'laeuS,
2099 2476 2311 2548 rebus
2341 2477 2548 2569 regni
2579 2477 2680 2548 sic

442 2604 821 2689 stantibuS‚
921 2603 1052 2674 hoc
1128 2604 1619 2697 intempestive
1684 2602 2064 2695 flagitaret,
2154 2602 2543 2687 Aureliano
2609 2614 2678 2675 et

441 2728 740 2800 Condaeo
768 2730 1187 2801 detestatum
1208 2738 1283 2800 ut
1314 2730 1505 2821 regis
1527 2728 1908 2799 commodis
1928 2729 2329 2827 adversum.
2372 2729 2675 2801 Fucatus

330 2891 340 2897 ·
438 2865 671 2927 autem
715 2855 951 2950 aliqua
989 2854 1307 2926 utilitatis
1359 2857 1589 2950 specie
1646 2854 2096 2928 ambitionem
2146 2856 2672 2948 Longavillaeus

436 2981 787 3056 contendit
818 3004 893 3053 se
913 2979 1206 3051 nonsibi
1237 2982 1359 3053 sed
1375 2981 1529 3073 regi
1552 2992 1621 3053 et
1639 2982 1992 3053 Mazarino
2041 2981 2381 3053 adversus
2400 2982 2670 3053 Fundae

435 3106 772 3177 tumultus
813 3103 1130 3178 futurum
1164 3103 1518 3198 refugium
1551 3107 1910 3201 postulare
1955 3109 2335 3180 Havraeam
2378 3130 2612 3179 arcem
2648 3132 2662 3178 ε

434 3229 615 3325 quod
658 3254 699 3302 a
740 3231 975 3302 Priolo
1014 3240 1382 3302 narratum
1416 3226 1444 3269 ²
1476 3232 1660 3326 apud
1697 3234 2015 3303 comitem
2059 3233 2408 3305 Gualdum
2453 3234 2666 3304 Prio—
2701 3308 2707 3315 ,

432 3365 663 3427 ratum
711 3356 1006 3428 relatum
1034 3379 1305 3452 quoque
1338 3358 1823 3451 comperimus,
1872 3382 1908 3427 «
1927 3358 1996 3430 N
2000 3358 2065 3428 el
2096 3381 2285 3430 mese
2303 3358 2658 3451 d’Agosto‚

432 3491 702 3554 mentre
738 3484 797 3553 si
836 3494 1126 3554 trovava
1174 3483 1422 3575 Parigi
1489 3482 1606 3554 nel
1648 3457 2147 3577 sopranarrato
2214 3484 2533 3573 tumulto,
2590 3482 2691 3582 fu,

430 3606 757 3678 mandato
793 3607 908 3678 dal
941 3608 1130 3678 Duca
1156 3607 1225 3676 di
1253 3607 1669 3699 Longavilla
1702 3608 1753 3677 il
1776 3608 2019 3700 signor
2042 3609 2281 3679 Priolo
2323 3633 2449 3681 suo
2489 3633 2665 3681 con—

428 3728 687 3801 fidente
715 3729 784 3799 al
824 3729 1193 3800 Cardinale
1236 3752 1361 3825 per
1400 3730 1830 3801 assicurarlo
1868 3731 1938 3800 di
1973 3740 2230 3826 quanto
2269 3730 2678 3826 dipandevaf

429 3855 516 3925 da
542 3855 641 3924 lui
665 3856 739 3925 in
765 3855 1051 3926 servitio
1093 3854 1282 3926 della
1320 3855 1524 3927 Corte
1553 3880 1590 3927 e
1630 3879 1751 3926 suo
1773 3855 2275 3948 coll’offerirgli
2298 3855 2367 3926 di
2392 3858 2661 3931 venir-lo

426 4002 601 4050 anco
631 4002 672 4050 a
708 3980 948 4051 levare
988 4002 1116 4050 con
1145 3979 1372 4051 2000
1419 3979 1953 4072 gentilhuomini
2017 4002 2142 4071 per
2206 3980 2543 4051 condux-lo
2588 3983 2673 4052 in·

424 4103 490 4173 N
495 4104 857 4175 ormandia
879 4102 929 4173 3.
958 4128 993 4172 ›>
1022 4106 1199 4190 Quae
1220 4127 1429 4198 quum
1455 4103 1773 4193 dixisset,
1807 4103 2003 4175 ducis
2030 4107 2333 4197 nomine,
2377 4107 2661 4177 Priolus

335 4277 340 4283 ·
430 4252 467 4299 «
499 4230 723 4319 Bene,
759 4230 984 4323 inquit
1024 4230 1450 4319 MazarinuS,
1490 4230 1605 4301 abi
1644 4231 1934 4301 nuntius
1982 4230 2142 4301 duci
2172 4254 2281 4304 me
2331 4232 2656 4303 daturum

486 4483 505 4516 1
543 4482 611 4531 R.
649 4480 800 4531 Hist.
833 4485 867 4528 t.
901 4479 991 4543 1v,
1017 4493 1067 4542 p.
1104 4478 1211 4527 122.

486 4562 521 4635 ²·
545 4560 763 4619 Primus,
798 4574 857 4619 u,
886 4575 933 4622 p.
960 4559 1037 4607 67.

488 4640 511 4674 3
548 4639 808 4688 Historia
832 4641 967 4687 delle
1002 4640 1189 4689 Revol.
1208 4639 1270 4687 di
1300 4633 1549 4689 Francia
1564 4637 1648 4687 del
1670 4638 1831 4688 Conte
1863 4639 1926 4688 G.
1961 4638 2218 4702 PrioratO,
2243 4654 2279 4702 1,
2304 4654 2353 4702 p.
2380 4636 2497 4686 32.-
