3507 5683
773 687 836 740 78
1451 690 1546 739 DE
1581 688 2037 741 BENJAMINI
2066 689 2340 741 PRIOLI

774 828 893 900 nia
911 826 1330 922 postulanda
1350 836 1470 900 aut
1491 826 1844 900 interdum
1868 827 2347 923 extorquenda
2366 829 2687 921 astutior,
2707 828 3021 901 tenacior

774 963 842 1025 et
873 952 1364 1046 impudentior.
1400 954 1506 1027 De
1537 954 1712 1025 eoin
1748 952 2194 1025 Sorberianis
2225 954 2566 1047 scriptum
2597 961 2735 1025 est:
2787 978 2825 1024 «
2857 952 2916 1024 Il
2945 951 3020 1023 fit

771 1080 812 1152 a
840 1078 1048 1151 Paris
1074 1077 1238 1149 bien
1255 1078 1377 1150 des
1396 1079 1642 1152 choses
1667 1102 1843 1174 pour
1873 1100 2252 1174 escroquer
2287 1078 2374 1151 de
2401 1076 2707 1172 l'argent
2729 1077 2771 1149 a
2794 1077 3021 1150 Talle-

769 1212 989 1292 mant‚
1016 1226 1107 1275 au
1148 1210 1371 1275 comte
1408 1203 1493 1277 cle
1530 1203 1924 1293 Tonnerre,
1963 1203 2207 1298 prince
2234 1203 2322 1276 de
2347 1203 2730 1294 Marsillac,
2764 1199 2938 1275 etc¹.
2974 1226 3013 1273 ))

768 1327 1038 1401 Evolve
1098 1351 1370 1426 quoque
1429 1331 1587 1424 ejus
1658 1329 1990 1425 epistolas
2049 1329 2136 1401 ad
2190 1328 2638 1402 Colbertum:
2691 1338 3019 1426 quotam-

768 1475 1115 1549 quamque
1143 1454 1463 1526 invenias
1490 1453 1563 1525 in
1606 1457 1740 1549 qua
1773 1478 1911 1527 non
1939 1428 2317 1548 argentum
2355 1454 2725 1527 odoretur:
2779 1462 3011 1547 rogat,

764 1578 996 1671 urget,
1046 1579 1283 1664 instat,
1341 1578 1543 1650 modo
1590 1578 1965 1669 submissa,
2033 1578 2237 1651 modo
2285 1578 2529 1651 inflata
2587 1602 2782 1670 voce,
2844 1602 3016 1674 sup-

763 1705 958 1799 plex,
1011 1704 1331 1789 mendax,
1387 1726 1573 1775 nunc
1626 1703 1914 1796 generis
1975 1703 2439 1793 nobilitatem,
2476 1727 2660 1775 nunc
2698 1702 3015 1775 historiae

764 1826 1075 1902 futurum
1094 1831 1307 1902 decus
1317 1884 1333 1919 ‚
1353 1827 1638 1900 familiae
1665 1852 1940 1924 quoque
1966 1837 2447 1923 paupertatem
2470 1851 2615 1924 prae
2643 1852 2720 1902 se
2745 1828 3007 1920 ferenS,

662 1969 672 1979 ·
763 1977 990 2051 neque
1025 1964 1281 2044 cutem,
1324 1978 1465 2026 non
1505 1954 1758 2028 satiata
1807 1954 1949 2045 siti,
2025 1954 2397 2026 missurus.
2466 1954 2697 2026 Hinc:
2755 1956 3012 2026 «Vous

759 2101 1018 2174 pouvez
1049 2102 1307 2153 sauver
1339 2104 1480 2153 une
1520 2082 1665 2153 tres
1695 2079 1905 2153 noble
1932 2079 2198 2154 famille
2228 2080 2319 2152 du
2353 2077 2694 2172 naufrage
2726 2087 2795 2151 et
2832 2076 3014 2151 faire

760 2227 898 2278 une
934 2228 1182 2279 oeuvre
1205 2207 1564 2279 meritoire
1601 2229 1857 2278 envers
1898 2206 2076 2278 Dieu
2112 2229 2201 2278 en
2249 2229 2361 2277 me
2395 2181 2782 2300 procurant
2808 2204 3014 2278 d’une

758 2330 966 2420 facon
997 2354 1088 2402 ou
1119 2329 1393 2403 d’autre
1430 2330 1536 2401 les
1575 2327 1865 2426 moyens
1911 2329 1999 2402 de
2035 2352 2148 2401 me
2195 2330 2536 2414 soutenir,
2582 2353 2672 2402 ne
2706 2337 3014 2425 pouv'ant

759 2453 915 2554 plus
951 2455 1293 2528 subsister
1330 2454 1424 2526 du
1465 2462 1614 2528 tout
1652 2455 1712 2526 si
1761 2477 1938 2525 vous
1982 2453 2532 2526 m’abandounez
2566 2451 2620 2526 ².
2665 2480 2702 2525 »
2759 2454 3002 2527 Illinc}

763 2584 850 2656 Je
896 2582 1041 2653 suis
1080 2584 1325 2654 assure
1385 2578 1637 2675 qu’une
1677 2559 1868 2652 seule
1920 2575 2160 2675 parole
2206 2579 2294 2651 de
2340 2591 2541 2652 votre
2597 2591 2764 2676 part
2806 2580 3010 2654 finira

757 2716 905 2782 tout
944 2707 1128 2779 cela.
1171 2707 1258 2779 Je
1304 2729 1479 2778 vous
1516 2728 1602 2776 en
1653 2703 1926 2800 supplie
1967 2705 2111 2778 tres
2138 2702 2644 2795 humblement‚
2688 2716 2756 2778 et
2787 2701 2898 2778 s'il
2935 2728 3012 2778 se

757 2845 924 2929 peut
981 2830 1194 2930 qu'au
1246 2831 1387 2904 lieu
1426 2829 1519 2902 du
1566 2829 1757 2902 billet
1803 2831 1890 2903 de
1942 2828 2311 2927 l'epargne
2359 2854 2449 2903 on
2489 2855 2599 2903 me
2647 2831 2881 2927 donne
2925 2830 3011 2904 de

726 2958 1103 3051 ·l’argent.
1146 2952 1250 3030 'Ce
1289 2955 1471 3029 n'est
1511 2980 1643 3052 que
1682 2957 1869 3030 deux
1922 2956 2118 3028 mille
2158 2957 2375 3030 livres
2401 2981 2491 3030 en
2531 2965 2705 3046 tout,
2747 2959 2865 3054 qui
2909 2969 3010 3032 est

755 3107 893 3180 peu
912 3082 1001 3154 de
1037 3084 1271 3169 chose,
1297 3092 1365 3156 et
1392 3105 1568 3177 pour
1608 3083 1746 3153 moi
1776 3106 1869 3153 vu
1903 3106 2066 3154 mon
2096 3081 2362 3171 besoin,
2390 3080 2567 3155 c'est
2607 3082 3000 3179 beaucoup.

753 3212 796 3281 J
804 3208 893 3281 ’ai
936 3233 1060 3281 cru
1097 3231 1229 3303 que
1273 3231 1440 3280 sans
1479 3230 1652 3279 vous
1691 3206 1845 3279 cela
1898 3208 2118 3280 tirera
2169 3206 2255 3279 de
2291 3209 2579 3302 longue‚
2633 3216 2702 3282 et
2746 3233 3008 3305 cepen-

758 3334 930 3406 dant
963 3334 1319 3428 Saguntus
1354 3334 1561 3429 perit.
1596 3336 1681 3407 Je
1728 3356 1901 3405 vous
1937 3332 2280 3407 demande
2322 3334 2466 3406 tres
2516 3334 2802 3406 humble
2836 3357 3007 3430 par-

761 3459 923 3549 don,
968 3459 1145 3531 mais
1183 3460 1254 3531 la
1294 3463 1638 3531 necesslte
1696 3458 1840 3553 m’y
1896 3458 2138 3552 oblig'e
2158 3455 2209 3529 ⁸.
2251 3484 2287 3528 »
2372 3458 2538 3530 Alio
2589 3458 2658 3530 in
2714 3459 2865 3532 loco
2922 3459 3009 3533 de

755 3607 831 3656 se
855 3593 924 3656 et
954 3594 1364 3679 paupertate
1397 3608 1520 3656 sua
1534 3586 1856 3678 jocatur:
1898 3608 1935 3654 «
1957 3587 2000 3656 J
2005 3607 2043 3656 e
2070 3608 2159 3656 ne
2186 3583 2517 3680 pretends
2548 3607 2674 3680 pas
2708 3584 3004 3658 de'faire

756 3733 894 3781 une
936 3709 1159 3781 vache
1217 3708 1257 3781 a
1295 3709 1425 3781 lait
1489 3709 1653 3780 d'un
1703 3705 2015 3804 ouvrage
2079 3711 2139 3781 si
2193 3709 2431 3800 noble,
2508 3710 2689 3782 mais
2752 3732 3007 3782 encore

756 3832 1003 3907 faut-il
1039 3859 1173 3929 que
1212 3845 1410 3908 votre
1431 3835 1642 3908 bonte
1671 3843 2026 3930 supporte,
2063 3835 2181 3906 s’il
2219 3835 2318 3906 lui
2348 3835 2549 3929 plait,
2582 3859 2731 3907 mes
2761 3841 3004 3909 neces-

819 4116 839 4152 ¹
876 4111 1249 4171 Sorberz‘ana,
1274 4129 1327 4177 p.
1354 4112 1463 4166 191.

818 4195 842 4231 ²
875 4197 1017 4245 Lett.
1050 4195 1206 4247 ine'd.
1230 4208 1290 4253 11,
1326 4208 1376 4257 p.
1401 4193 1448 4245 4.
1478 4193 1529 4255 (4
1543 4191 1657 4256 juin
1680 4191 1842 4253 1661),

818 4276 842 4312 3
878 4274 1010 4325 Ibid.
1061 4290 1133 4325 xv.
1162 4289 1213 4338 p.
1248 4272 1305 4322 10
1334 4272 1385 4336 (6
1426 4271 1539 4337 juin
1574 4271 1737 4332 1661).
1770 4271 1847 4321 Cf.
1879 4287 2083 4337 quoque
2131 4274 2404 4322 Archives
2464 4275 2802 4337 historiques
2853 4276 2922 4324 de
2950 4274 3007 4324 la

755 4358 1066 4419 Saintonye
1098 4364 1151 4404 et
1184 4354 1247 4402 de
1273 4353 1519 4413 l’Aunis‚
1549 4359 1590 4404 t.
1619 4355 1765 4415 VIII,
1795 4354 1936 4415 1880,
1966 4370 2016 4420 p.
2051 4355 2166 4406 365.
2197 4358 2390 4405 Lettre
2418 4356 2482 4405 de
2505 4357 2696 4407 Priolo
2724 4359 2760 4405 ὰ
2794 4358 3007 4407 Colbert

756 4436 825 4485 du
867 4435 929 4484 27
979 4434 1265 4498 septembre
1310 4434 1453 4485 1661.
1502 4452 1527 4481 et
1568 4433 1751 4485 J’aime
1801 4436 1972 4486 mieux
2021 4449 2104 4484 me
2152 4435 2423 4485 decouvrir
2459 4437 2490 4486 ὲ
2536 4441 2686 4497 vou'S,
2725 4436 3004 4496 Monsieur‚

756 4531 855 4579 que
905 4513 1125 4578 prendre
1171 4520 1315 4564 autre
1361 4514 1494 4563 voie.
1554 4516 1612 4563 Je
1659 4530 1787 4565 vous
1842 4514 1922 4564 dis
1968 4514 2100 4564 donc
2145 4514 2219 4563 les
2270 4510 2449 4565 choses
2487 4515 2852 4575 franchement‚
2890 4516 3007 4565 bien

758 4597 916 4645 marri
946 4610 1043 4659 que
1075 4611 1160 4645 ma
1184 4597 1425 4661 pauvrete
1465 4595 1567 4659 m'y
1601 4594 1790 4658 oblige.
1831 4595 1963 4644 Mais
2007 4594 2174 4658 quelle
2204 4596 2389 4660 qu'elle
2422 4598 2538 4657 soit,
2567 4594 2661 4645 elle
2690 4612 2753 4645 ne
2786 4611 2871 4646 me
2899 4597 3007 4647 sera

750 4676 936 4740 jamais
950 4676 1104 4726 sortir
1145 4675 1211 4726 du
1243 4677 1433 4725 sentier
1465 4676 1527 4725 de
1561 4676 1830 4725 l’honneur
1862 4681 1912 4724 et
1936 4674 1999 4724 de
2031 4676 2079 4724 la
2105 4674 2295 4724 fidelite
2323 4690 2423 4740 que
2457 4676 2510 4740 je
2537 4692 2662 4725 vous
2696 4676 2938 4740 garderai
2962 4679 2992 4726 a

753 4771 958 4819 jamme.
996 4774 1022 4804 »
