<?xml version="1.0" encoding="UTF-8"?>
<!DOCTYPE html PUBLIC "-//W3C//DTD XHTML 1.0 Transitional//EN"
    "http://www.w3.org/TR/xhtml1/DTD/xhtml1-transitional.dtd">
<html xmlns="http://www.w3.org/1999/xhtml" xml:lang="en" lang="en">
 <head>
  <title>
</title>
<meta http-equiv="Content-Type" content="text/html;charset=utf-8" />
  <meta name='ocr-system' content='tesseract 3.04.00' />
  <meta name='ocr-capabilities' content='ocr_page ocr_carea ocr_par ocr_line ocrx_word'/>
</head>
<body>
  <div class='ocr_page' id='page_1' title='image "./debenjaminiprio00normgoog_0091.png"; bbox 0 0 3507 5683; ppageno 0'>
   <div class='ocr_carea' id='block_1_1' title="bbox 1223 623 2714 676">
    <p class='ocr_par' dir='ltr' id='par_1_1' title="bbox 1223 623 2714 676">
     <span class='ocr_line' id='line_1_1' title="bbox 1223 623 2714 676; baseline 0.001 -2"><span class='ocrx_word' id='word_1_1' title='bbox 1223 623 1423 674; x_wconf 81' lang='lat' dir='ltr'>VITA</span> <span class='ocrx_word' id='word_1_2' title='bbox 1455 624 1551 674; x_wconf 84' lang='lat' dir='ltr'>ET</span> <span class='ocrx_word' id='word_1_3' title='bbox 1585 624 1953 676; x_wconf 81' lang='lat' dir='ltr'>SCRIPTIS</span> <span class='ocrx_word' id='word_1_4' title='bbox 2652 627 2714 675; x_wconf 81' lang='lat'>85</span> 
     </span>
    </p>
   </div>
   <div class='ocr_carea' id='block_1_2' title="bbox 202 751 249 764">
    <p class='ocr_par' dir='ltr' id='par_1_2' title="bbox 202 751 249 764">
     <span class='ocr_line' id='line_1_2' title="bbox 202 751 249 764; baseline 0 0"><span class='ocrx_word' id='word_1_5' title='bbox 202 751 249 764; x_wconf 58' lang='lat'>³·</span> 
     </span>
    </p>
   </div>
   <div class='ocr_carea' id='block_1_3' title="bbox 334 760 2756 4491">
    <p class='ocr_par' dir='ltr' id='par_1_3' title="bbox 458 760 2756 2613">
     <span class='ocr_line' id='line_1_3' title="bbox 463 760 2712 857; baseline 0 -26"><span class='ocrx_word' id='word_1_6' title='bbox 463 760 748 831; x_wconf 80' lang='lat' dir='ltr'>dernier</span> <span class='ocrx_word' id='word_1_7' title='bbox 783 783 1098 854; x_wconf 81' lang='lat' dir='ltr'>ouvrage</span> <span class='ocrx_word' id='word_1_8' title='bbox 1128 783 1266 831; x_wconf 86' lang='lat' dir='ltr'>aux</span> <span class='ocrx_word' id='word_1_9' title='bbox 1296 769 1540 833; x_wconf 81' lang='lat' dir='ltr'>autres</span> <span class='ocrx_word' id='word_1_10' title='bbox 1565 760 1780 834; x_wconf 83' lang='lat' dir='ltr'>ecrits</span> <span class='ocrx_word' id='word_1_11' title='bbox 1820 760 1915 832; x_wconf 93' lang='lat' dir='ltr'>du</span> <span class='ocrx_word' id='word_1_12' title='bbox 1944 760 2075 832; x_wconf 91' lang='lat' dir='ltr'>duc</span> <span class='ocrx_word' id='word_1_13' title='bbox 2103 761 2189 830; x_wconf 92' lang='lat' dir='ltr'>de</span> <span class='ocrx_word' id='word_1_14' title='bbox 2225 761 2510 853; x_wconf 85' lang='lat' dir='ltr'>Rohan,</span> <span class='ocrx_word' id='word_1_15' title='bbox 2539 784 2629 832; x_wconf 93' lang='lat' dir='ltr'>on</span> <span class='ocrx_word' id='word_1_16' title='bbox 2663 787 2712 857; x_wconf 88' lang='lat' dir='ltr'>y</span> 
     </span>
     <span class='ocr_line' id='line_1_4' title="bbox 466 884 2714 982; baseline 0.001 -28"><span class='ocrx_word' id='word_1_17' title='bbox 466 885 828 957; x_wconf 81' lang='lat' dir='ltr'>reconnait</span> <span class='ocrx_word' id='word_1_18' title='bbox 877 885 947 957; x_wconf 92' lang='lat' dir='ltr'>le</span> <span class='ocrx_word' id='word_1_19' title='bbox 986 889 1214 958; x_wconf 77' lang='lat' dir='ltr'>meme</span> <span class='ocrx_word' id='word_1_20' title='bbox 1256 885 1474 982; x_wconf 83' lang='lat' dir='ltr'>style,</span> <span class='ocrx_word' id='word_1_21' title='bbox 1504 887 1572 957; x_wconf 89' lang='lat' dir='ltr'>la</span> <span class='ocrx_word' id='word_1_22' title='bbox 1606 890 1835 959; x_wconf 77' lang='lat' dir='ltr'>meme</span> <span class='ocrx_word' id='word_1_23' title='bbox 1879 884 2195 957; x_wconf 79' lang='lat' dir='ltr'>maniere</span> <span class='ocrx_word' id='word_1_24' title='bbox 2230 884 2317 955; x_wconf 94' lang='lat' dir='ltr'>de</span> <span class='ocrx_word' id='word_1_25' title='bbox 2345 889 2714 980; x_wconf 81' lang='lat' dir='ltr'>presenter</span> 
     </span>
     <span class='ocr_line' id='line_1_5' title="bbox 460 1008 2712 1111; baseline 0.002 -31"><span class='ocrx_word' id='word_1_26' title='bbox 460 1008 564 1081; x_wconf 90' lang='lat' dir='ltr'>les</span> <span class='ocrx_word' id='word_1_27' title='bbox 620 1010 886 1083; x_wconf 79' lang='lat' dir='ltr'>choseS.</span> <span class='ocrx_word' id='word_1_28' title='bbox 930 1011 1118 1111; x_wconf 85' lang='lat' dir='ltr'>C&#39;est</span> <span class='ocrx_word' id='word_1_29' title='bbox 1153 1019 1302 1083; x_wconf 92' lang='lat' dir='ltr'>tout</span> <span class='ocrx_word' id='word_1_30' title='bbox 1354 1010 1425 1084; x_wconf 92' lang='lat' dir='ltr'>le</span> <span class='ocrx_word' id='word_1_31' title='bbox 1476 1012 1835 1083; x_wconf 89' lang='lat' dir='ltr'>contraire</span> <span class='ocrx_word' id='word_1_32' title='bbox 1874 1010 2038 1106; x_wconf 90' lang='lat' dir='ltr'>qu&#39;il</span> <span class='ocrx_word' id='word_1_33' title='bbox 2081 1008 2233 1083; x_wconf 82' lang='lat' dir='ltr'>faut</span> <span class='ocrx_word' id='word_1_34' title='bbox 2289 1011 2467 1103; x_wconf 90' lang='lat' dir='ltr'>dire,</span> <span class='ocrx_word' id='word_1_35' title='bbox 2526 1036 2617 1084; x_wconf 89' lang='lat' dir='ltr'>on</span> <span class='ocrx_word' id='word_1_36' title='bbox 2663 1037 2712 1108; x_wconf 89' lang='lat' dir='ltr'>y</span> 
     </span>
     <span class='ocr_line' id='line_1_6' title="bbox 464 1134 2756 1234; baseline -0.003 -25"><span class='ocrx_word' id='word_1_37' title='bbox 464 1143 798 1210; x_wconf 80' lang='lat' dir='ltr'>retro&#39;uve</span> <span class='ocrx_word' id='word_1_38' title='bbox 853 1160 993 1210; x_wconf 91' lang='lat' dir='ltr'>une</span> <span class='ocrx_word' id='word_1_39' title='bbox 1039 1136 1356 1210; x_wconf 80' lang='lat' dir='ltr'>maniere</span> <span class='ocrx_word' id='word_1_40' title='bbox 1409 1134 1879 1232; x_wconf 83' lang='lat' dir='ltr'>d&#39;exposition</span> <span class='ocrx_word' id='word_1_41' title='bbox 1906 1137 2063 1231; x_wconf 91' lang='lat' dir='ltr'>plus</span> <span class='ocrx_word' id='word_1_42' title='bbox 2125 1137 2468 1229; x_wconf 82' lang='lat' dir='ltr'>generale</span> <span class='ocrx_word' id='word_1_43' title='bbox 2539 1137 2756 1234; x_wconf 54' lang='lat' dir='ltr'>qu&#39;ils</span> 
     </span>
     <span class='ocr_line' id='line_1_7' title="bbox 463 1261 2711 1358; baseline 0 -24"><span class='ocrx_word' id='word_1_44' title='bbox 463 1264 645 1336; x_wconf 89' lang='lat' dir='ltr'>n’est</span> <span class='ocrx_word' id='word_1_45' title='bbox 694 1262 1020 1337; x_wconf 88' lang='lat' dir='ltr'>habituel</span> <span class='ocrx_word' id='word_1_46' title='bbox 1047 1268 1091 1335; x_wconf 73' lang='lat' dir='ltr'>a</span> <span class='ocrx_word' id='word_1_47' title='bbox 1120 1263 1426 1355; x_wconf 84' lang='lat' dir='ltr'>Rohan3</span> <span class='ocrx_word' id='word_1_48' title='bbox 1482 1262 1537 1333; x_wconf 94' lang='lat' dir='ltr'>il</span> <span class='ocrx_word' id='word_1_49' title='bbox 1564 1287 1614 1358; x_wconf 98' lang='lat' dir='ltr'>y</span> <span class='ocrx_word' id='word_1_50' title='bbox 1643 1285 1684 1334; x_wconf 94' lang='lat' dir='ltr'>a</span> <span class='ocrx_word' id='word_1_51' title='bbox 1722 1262 1921 1334; x_wconf 89' lang='lat' dir='ltr'>aussi</span> <span class='ocrx_word' id='word_1_52' title='bbox 1955 1261 2117 1357; x_wconf 90' lang='lat' dir='ltr'>plus</span> <span class='ocrx_word' id='word_1_53' title='bbox 2154 1261 2499 1356; x_wconf 79' lang='lat' dir='ltr'>d&#39;images</span> <span class='ocrx_word' id='word_1_54' title='bbox 2538 1264 2711 1335; x_wconf 90' lang='lat' dir='ltr'>dans</span> 
     </span>
     <span class='ocr_line' id='line_1_8' title="bbox 461 1387 2710 1484; baseline 0.002 -26"><span class='ocrx_word' id='word_1_55' title='bbox 461 1388 524 1461; x_wconf 93' lang='lat' dir='ltr'>le</span> <span class='ocrx_word' id='word_1_56' title='bbox 550 1389 758 1484; x_wconf 82' lang='lat' dir='ltr'>style,</span> <span class='ocrx_word' id='word_1_57' title='bbox 791 1389 949 1484; x_wconf 90' lang='lat' dir='ltr'>plus</span> <span class='ocrx_word' id='word_1_58' title='bbox 994 1388 1080 1461; x_wconf 85' lang='lat' dir='ltr'>de</span> <span class='ocrx_word' id='word_1_59' title='bbox 1111 1388 1546 1475; x_wconf 81' lang='lat' dir='ltr'>litterature,</span> <span class='ocrx_word' id='word_1_60' title='bbox 1611 1387 1668 1458; x_wconf 89' lang='lat' dir='ltr'>si</span> <span class='ocrx_word' id='word_1_61' title='bbox 1695 1388 1774 1482; x_wconf 90' lang='lat' dir='ltr'>je</span> <span class='ocrx_word' id='word_1_62' title='bbox 1827 1388 1983 1483; x_wconf 91' lang='lat' dir='ltr'>puis</span> <span class='ocrx_word' id='word_1_63' title='bbox 2053 1387 2231 1481; x_wconf 80' lang='lat' dir='ltr'>dire,</span> <span class='ocrx_word' id='word_1_64' title='bbox 2286 1398 2355 1462; x_wconf 88' lang='lat' dir='ltr'>et</span> <span class='ocrx_word' id='word_1_65' title='bbox 2399 1390 2710 1484; x_wconf 80' lang='lat' dir='ltr'>quantite</span> 
     </span>
     <span class='ocr_line' id='line_1_9' title="bbox 461 1510 2708 1609; baseline 0.002 -27"><span class='ocrx_word' id='word_1_66' title='bbox 461 1510 979 1609; x_wconf 86' lang='lat' dir='ltr'>d’expressions</span> <span class='ocrx_word' id='word_1_67' title='bbox 1040 1520 1109 1584; x_wconf 89' lang='lat' dir='ltr'>et</span> <span class='ocrx_word' id='word_1_68' title='bbox 1171 1515 1257 1585; x_wconf 91' lang='lat' dir='ltr'>de</span> <span class='ocrx_word' id='word_1_69' title='bbox 1308 1513 1660 1585; x_wconf 89' lang='lat' dir='ltr'>locutions</span> <span class='ocrx_word' id='word_1_70' title='bbox 1720 1513 1839 1608; x_wconf 90' lang='lat' dir='ltr'>qui</span> <span class='ocrx_word' id='word_1_71' title='bbox 1898 1536 1987 1584; x_wconf 89' lang='lat' dir='ltr'>ne</span> <span class='ocrx_word' id='word_1_72' title='bbox 2047 1521 2208 1585; x_wconf 89' lang='lat' dir='ltr'>sont</span> <span class='ocrx_word' id='word_1_73' title='bbox 2242 1516 2437 1609; x_wconf 89' lang='lat' dir='ltr'>point</span> <span class='ocrx_word' id='word_1_74' title='bbox 2491 1524 2561 1587; x_wconf 89' lang='lat' dir='ltr'>et</span> <span class='ocrx_word' id='word_1_75' title='bbox 2619 1539 2708 1587; x_wconf 89' lang='lat' dir='ltr'>ne</span> 
     </span>
     <span class='ocr_line' id='line_1_10' title="bbox 461 1636 2707 1738; baseline 0.001 -29"><span class='ocrx_word' id='word_1_76' title='bbox 461 1649 762 1731; x_wconf 87' lang='lat' dir='ltr'>peuvent</span> <span class='ocrx_word' id='word_1_77' title='bbox 801 1642 950 1709; x_wconf 72' lang='lat' dir='ltr'>etre</span> <span class='ocrx_word' id='word_1_78' title='bbox 980 1636 1066 1710; x_wconf 93' lang='lat' dir='ltr'>de</span> <span class='ocrx_word' id='word_1_79' title='bbox 1087 1637 1216 1711; x_wconf 90' lang='lat' dir='ltr'>lui.</span> <span class='ocrx_word' id='word_1_80' title='bbox 1258 1640 1357 1712; x_wconf 91' lang='lat' dir='ltr'>Le</span> <span class='ocrx_word' id='word_1_81' title='bbox 1387 1641 1572 1712; x_wconf 83' lang='lat' dir='ltr'>Pere</span> <span class='ocrx_word' id='word_1_82' title='bbox 1610 1639 1888 1727; x_wconf 81' lang='lat' dir='ltr'>Griffet,</span> <span class='ocrx_word' id='word_1_83' title='bbox 1927 1647 2185 1738; x_wconf 89' lang='lat' dir='ltr'>auteur</span> <span class='ocrx_word' id='word_1_84' title='bbox 2209 1639 2418 1712; x_wconf 89' lang='lat' dir='ltr'>d&#39;une</span> <span class='ocrx_word' id='word_1_85' title='bbox 2447 1641 2511 1713; x_wconf 91' lang='lat' dir='ltr'>si</span> <span class='ocrx_word' id='word_1_86' title='bbox 2542 1642 2707 1714; x_wconf 90' lang='lat' dir='ltr'>esti-</span> 
     </span>
     <span class='ocr_line' id='line_1_11' title="bbox 462 1762 2706 1859; baseline 0.002 -26"><span class='ocrx_word' id='word_1_87' title='bbox 462 1762 691 1835; x_wconf 87' lang='lat' dir='ltr'>mable</span> <span class='ocrx_word' id='word_1_88' title='bbox 733 1762 1059 1835; x_wconf 77' lang='lat' dir='ltr'>Histoire</span> <span class='ocrx_word' id='word_1_89' title='bbox 1104 1765 1196 1835; x_wconf 81' lang='lat' dir='ltr'>de</span> <span class='ocrx_word' id='word_1_90' title='bbox 1246 1764 1472 1836; x_wconf 81' lang='lat' dir='ltr'>Louis</span> <span class='ocrx_word' id='word_1_91' title='bbox 1509 1765 1733 1839; x_wconf 89' lang='lat' dir='ltr'><em>XIII</em></span> <span class='ocrx_word' id='word_1_92' title='bbox 1738 1826 1755 1859; x_wconf 88' lang='lat'>,</span> <span class='ocrx_word' id='word_1_93' title='bbox 1800 1769 1886 1838; x_wconf 88' lang='lat' dir='ltr'>ou</span> <span class='ocrx_word' id='word_1_94' title='bbox 1924 1763 2069 1835; x_wconf 90' lang='lat' dir='ltr'>l’on</span> <span class='ocrx_word' id='word_1_95' title='bbox 2115 1774 2364 1838; x_wconf 88' lang='lat' dir='ltr'>trouve</span> <span class='ocrx_word' id='word_1_96' title='bbox 2416 1776 2566 1838; x_wconf 90' lang='lat' dir='ltr'>tant</span> <span class='ocrx_word' id='word_1_97' title='bbox 2620 1766 2706 1838; x_wconf 93' lang='lat' dir='ltr'>de</span> 
     </span>
     <span class='ocr_line' id='line_1_12' title="bbox 458 1890 2704 1988; baseline 0.001 -27"><span class='ocrx_word' id='word_1_98' title='bbox 458 1890 703 1963; x_wconf 83' lang='lat' dir='ltr'>choses</span> <span class='ocrx_word' id='word_1_99' title='bbox 768 1891 1204 1985; x_wconf 82' lang='lat' dir='ltr'>singulieres</span> <span class='ocrx_word' id='word_1_100' title='bbox 1254 1899 1321 1961; x_wconf 90' lang='lat' dir='ltr'>et</span> <span class='ocrx_word' id='word_1_101' title='bbox 1379 1892 1765 1985; x_wconf 81' lang='lat' dir='ltr'>curienseS,</span> <span class='ocrx_word' id='word_1_102' title='bbox 1841 1916 1975 1988; x_wconf 90' lang='lat' dir='ltr'>que</span> <span class='ocrx_word' id='word_1_103' title='bbox 2028 1892 2114 1963; x_wconf 92' lang='lat' dir='ltr'>de</span> <span class='ocrx_word' id='word_1_104' title='bbox 2152 1892 2311 1987; x_wconf 90' lang='lat' dir='ltr'>plus</span> <span class='ocrx_word' id='word_1_105' title='bbox 2361 1891 2704 1987; x_wconf 87' lang='lat' dir='ltr'>bruyants</span> 
     </span>
     <span class='ocr_line' id='line_1_13' title="bbox 461 2015 2696 2111; baseline 0.001 -23"><span class='ocrx_word' id='word_1_106' title='bbox 461 2016 642 2090; x_wconf 88' lang='lat' dir='ltr'>etde</span> <span class='ocrx_word' id='word_1_107' title='bbox 669 2015 829 2111; x_wconf 91' lang='lat' dir='ltr'>plus</span> <span class='ocrx_word' id='word_1_108' title='bbox 848 2015 1118 2089; x_wconf 88' lang='lat' dir='ltr'>habiles</span> <span class='ocrx_word' id='word_1_109' title='bbox 1161 2039 1238 2089; x_wconf 92' lang='lat' dir='ltr'>se</span> <span class='ocrx_word' id='word_1_110' title='bbox 1269 2023 1428 2089; x_wconf 89' lang='lat' dir='ltr'>sont</span> <span class='ocrx_word' id='word_1_111' title='bbox 1459 2017 1592 2089; x_wconf 89' lang='lat' dir='ltr'>mis</span> <span class='ocrx_word' id='word_1_112' title='bbox 1619 2016 1661 2088; x_wconf 77' lang='lat' dir='ltr'>a</span> <span class='ocrx_word' id='word_1_113' title='bbox 1699 2017 2072 2089; x_wconf 83' lang='lat' dir='ltr'>decouvrir</span> <span class='ocrx_word' id='word_1_114' title='bbox 2108 2017 2387 2111; x_wconf 82' lang='lat' dir='ltr'>depuiS,</span> <span class='ocrx_word' id='word_1_115' title='bbox 2408 2017 2479 2090; x_wconf 92' lang='lat' dir='ltr'>le</span> <span class='ocrx_word' id='word_1_116' title='bbox 2517 2019 2696 2090; x_wconf 80' lang='lat' dir='ltr'>Pere</span> 
     </span>
     <span class='ocr_line' id='line_1_14' title="bbox 461 2119 2697 2238; baseline 0 -25"><span class='ocrx_word' id='word_1_117' title='bbox 461 2140 710 2214; x_wconf 87' lang='lat' dir='ltr'>Griffet</span> <span class='ocrx_word' id='word_1_118' title='bbox 735 2164 776 2213; x_wconf 94' lang='lat' dir='ltr'>a</span> <span class='ocrx_word' id='word_1_119' title='bbox 819 2143 964 2214; x_wconf 81' lang='lat' dir='ltr'>tres</span> <span class='ocrx_word' id='word_1_120' title='bbox 994 2140 1158 2213; x_wconf 88' lang='lat' dir='ltr'>bien</span> <span class='ocrx_word' id='word_1_121' title='bbox 1182 2140 1359 2234; x_wconf 79' lang='lat' dir='ltr'>juge</span> <span class='ocrx_word' id='word_1_122' title='bbox 1394 2140 1483 2212; x_wconf 91' lang='lat' dir='ltr'>de</span> <span class='ocrx_word' id='word_1_123' title='bbox 1531 2165 1611 2214; x_wconf 90' lang='lat' dir='ltr'>ce</span> <span class='ocrx_word' id='word_1_124' title='bbox 1648 2142 1845 2236; x_wconf 90' lang='lat' dir='ltr'>point</span> <span class='ocrx_word' id='word_1_125' title='bbox 1899 2165 2167 2214; x_wconf 90' lang='lat' dir='ltr'>comme</span> <span class='ocrx_word' id='word_1_126' title='bbox 2195 2119 2283 2213; x_wconf 86' lang='lat' dir='ltr'>de</span> <span class='ocrx_word' id='word_1_127' title='bbox 2334 2141 2697 2238; x_wconf 86' lang='lat' dir='ltr'>beaucoup</span> 
     </span>
     <span class='ocr_line' id='line_1_15' title="bbox 460 2265 2702 2359; baseline -0 -19"><span class='ocrx_word' id='word_1_128' title='bbox 460 2266 799 2340; x_wconf 88' lang='lat' dir='ltr'>d&#39;autres.</span> <span class='ocrx_word' id='word_1_129' title='bbox 836 2267 973 2339; x_wconf 82' lang='lat' dir='ltr'>Les&#39;</span> <span class='ocrx_word' id='word_1_130' title='bbox 1006 2265 1401 2339; x_wconf 64' lang='lat' dir='ltr'>Memoires</span> <span class='ocrx_word' id='word_1_131' title='bbox 1439 2290 1573 2336; x_wconf 76' lang='lat' dir='ltr'>sur</span> <span class='ocrx_word' id='word_1_132' title='bbox 1615 2265 1690 2337; x_wconf 83' lang='lat' dir='ltr'>la</span> <span class='ocrx_word' id='word_1_133' title='bbox 1738 2290 2017 2359; x_wconf 67' lang='lat' dir='ltr'>que-rre</span> <span class='ocrx_word' id='word_1_134' title='bbox 2071 2267 2164 2337; x_wconf 82' lang='lat' dir='ltr'>de</span> <span class='ocrx_word' id='word_1_135' title='bbox 2206 2268 2278 2338; x_wconf 82' lang='lat' dir='ltr'>la</span> <span class='ocrx_word' id='word_1_136' title='bbox 2338 2266 2702 2339; x_wconf 77' lang='lat' dir='ltr'>Valtelz&#39;ne</span> 
     </span>
     <span class='ocr_line' id='line_1_16' title="bbox 460 2390 2698 2487; baseline 0 -25"><span class='ocrx_word' id='word_1_137' title='bbox 460 2402 619 2464; x_wconf 86' lang='lat' dir='ltr'>sont</span> <span class='ocrx_word' id='word_1_138' title='bbox 674 2392 856 2464; x_wconf 91' lang='lat' dir='ltr'>donc</span> <span class='ocrx_word' id='word_1_139' title='bbox 902 2392 998 2465; x_wconf 92' lang='lat' dir='ltr'>du</span> <span class='ocrx_word' id='word_1_140' title='bbox 1040 2391 1425 2463; x_wconf 82' lang='lat' dir='ltr'>secretaire</span> <span class='ocrx_word' id='word_1_141' title='bbox 1482 2391 1569 2462; x_wconf 92' lang='lat' dir='ltr'>de</span> <span class='ocrx_word' id='word_1_142' title='bbox 1626 2391 1913 2481; x_wconf 90' lang='lat' dir='ltr'>Rohan,</span> <span class='ocrx_word' id='word_1_143' title='bbox 1961 2401 2029 2464; x_wconf 91' lang='lat' dir='ltr'>et</span> <span class='ocrx_word' id='word_1_144' title='bbox 2073 2392 2238 2464; x_wconf 89' lang='lat' dir='ltr'>n&#39;en</span> <span class='ocrx_word' id='word_1_145' title='bbox 2278 2390 2518 2464; x_wconf 89' lang='lat' dir='ltr'>valent</span> <span class='ocrx_word' id='word_1_146' title='bbox 2566 2414 2698 2487; x_wconf 92' lang='lat' dir='ltr'>pas</span> 
     </span>
     <span class='ocr_line' id='line_1_17' title="bbox 458 2514 1231 2613; baseline 0 -25"><span class='ocrx_word' id='word_1_147' title='bbox 458 2518 682 2590; x_wconf 90' lang='lat' dir='ltr'>moins</span> <span class='ocrx_word' id='word_1_148' title='bbox 727 2541 906 2613; x_wconf 87' lang='lat' dir='ltr'>pour</span> <span class='ocrx_word' id='word_1_149' title='bbox 936 2516 1086 2590; x_wconf 86' lang='lat' dir='ltr'>cela</span> <span class='ocrx_word' id='word_1_150' title='bbox 1110 2514 1162 2588; x_wconf 86' lang='lat'>¹.</span> <span class='ocrx_word' id='word_1_151' title='bbox 1192 2542 1231 2589; x_wconf 85' lang='lat'>&gt;)</span> 
     </span>
    </p>

    <p class='ocr_par' dir='ltr' id='par_1_4' title="bbox 444 2641 2696 4115">
     <span class='ocr_line' id='line_1_18' title="bbox 540 2641 2693 2738; baseline 0 -24"><span class='ocrx_word' id='word_1_152' title='bbox 540 2641 694 2714; x_wconf 89' lang='lat' dir='ltr'>Etsi</span> <span class='ocrx_word' id='word_1_153' title='bbox 742 2642 830 2714; x_wconf 90' lang='lat' dir='ltr'>de</span> <span class='ocrx_word' id='word_1_154' title='bbox 879 2666 958 2715; x_wconf 89' lang='lat' dir='ltr'>re</span> <span class='ocrx_word' id='word_1_155' title='bbox 1015 2643 1314 2715; x_wconf 88' lang='lat' dir='ltr'>obscura</span> <span class='ocrx_word' id='word_1_156' title='bbox 1352 2643 1654 2737; x_wconf 82' lang='lat' dir='ltr'>agimuS‚</span> <span class='ocrx_word' id='word_1_157' title='bbox 1710 2642 2056 2738; x_wconf 89' lang='lat' dir='ltr'>pauloque</span> <span class='ocrx_word' id='word_1_158' title='bbox 2094 2643 2429 2716; x_wconf 90' lang='lat' dir='ltr'>audacius</span> <span class='ocrx_word' id='word_1_159' title='bbox 2484 2643 2693 2715; x_wconf 89' lang='lat' dir='ltr'>Prio-</span> 
     </span>
     <span class='ocr_line' id='line_1_19' title="bbox 455 2765 2696 2865; baseline 0.001 -28"><span class='ocrx_word' id='word_1_160' title='bbox 455 2766 602 2837; x_wconf 89' lang='lat' dir='ltr'>lum</span> <span class='ocrx_word' id='word_1_161' title='bbox 641 2769 1302 2843; x_wconf 80' lang='lat' dir='ltr'>commentariorum</span> <span class='ocrx_word' id='word_1_162' title='bbox 1365 2791 1581 2865; x_wconf 89' lang='lat' dir='ltr'>supra</span> <span class='ocrx_word' id='word_1_163' title='bbox 1655 2768 2001 2839; x_wconf 90' lang='lat' dir='ltr'>dictorum</span> <span class='ocrx_word' id='word_1_164' title='bbox 2066 2765 2285 2840; x_wconf 88' lang='lat' dir='ltr'>fuisse</span> <span class='ocrx_word' id='word_1_165' title='bbox 2337 2779 2696 2844; x_wconf 89' lang='lat' dir='ltr'>auctorem</span> 
     </span>
     <span class='ocr_line' id='line_1_20' title="bbox 456 2892 2695 2989; baseline 0.002 -26"><span class='ocrx_word' id='word_1_166' title='bbox 456 2892 978 2966; x_wconf 89' lang='lat' dir='ltr'>illustrissimus</span> <span class='ocrx_word' id='word_1_167' title='bbox 999 2896 1300 2989; x_wconf 83' lang='lat' dir='ltr'>scriptor</span> <span class='ocrx_word' id='word_1_168' title='bbox 1340 2892 1701 2968; x_wconf 84' lang='lat' dir='ltr'>affirmare</span> <span class='ocrx_word' id='word_1_169' title='bbox 1722 2894 1892 2965; x_wconf 91' lang='lat' dir='ltr'>mihi</span> <span class='ocrx_word' id='word_1_170' title='bbox 1931 2892 2254 2978; x_wconf 84' lang='lat' dir='ltr'>videtur‚&#39;</span> <span class='ocrx_word' id='word_1_171' title='bbox 2272 2903 2695 2988; x_wconf 80' lang='lat' dir='ltr'>argumenta</span> 
     </span>
     <span class='ocr_line' id='line_1_21' title="bbox 459 3018 2686 3115; baseline 0.001 -27"><span class='ocrx_word' id='word_1_172' title='bbox 459 3018 780 3111; x_wconf 85' lang='lat' dir='ltr'>quaedam</span> <span class='ocrx_word' id='word_1_173' title='bbox 809 3021 1061 3115; x_wconf 88' lang='lat' dir='ltr'>quibus</span> <span class='ocrx_word' id='word_1_174' title='bbox 1098 3021 1332 3115; x_wconf 89' lang='lat' dir='ltr'>opinio</span> <span class='ocrx_word' id='word_1_175' title='bbox 1392 3020 1544 3114; x_wconf 91' lang='lat' dir='ltr'>ejus</span> <span class='ocrx_word' id='word_1_176' title='bbox 1592 3019 2046 3091; x_wconf 88' lang='lat' dir='ltr'>confirmetur</span> <span class='ocrx_word' id='word_1_177' title='bbox 2071 3019 2377 3112; x_wconf 86' lang='lat' dir='ltr'>adjicere</span> <span class='ocrx_word' id='word_1_178' title='bbox 2414 3019 2638 3091; x_wconf 90' lang='lat' dir='ltr'>ausim</span> <span class='ocrx_word' id='word_1_179' title='bbox 2670 3045 2686 3090; x_wconf 75' lang='grc' dir='ltr'><strong><em>ε</em></strong></span> 
     </span>
     <span class='ocr_line' id='line_1_22' title="bbox 454 3142 2690 3237; baseline 0.001 -25"><span class='ocrx_word' id='word_1_180' title='bbox 454 3142 681 3236; x_wconf 92' lang='lat' dir='ltr'>primo</span> <span class='ocrx_word' id='word_1_181' title='bbox 734 3143 912 3234; x_wconf 89' lang='lat' dir='ltr'>loco,</span> <span class='ocrx_word' id='word_1_182' title='bbox 971 3145 1373 3217; x_wconf 90' lang='lat' dir='ltr'>meminisse</span> <span class='ocrx_word' id='word_1_183' title='bbox 1429 3144 1596 3216; x_wconf 88' lang='lat' dir='ltr'>licet</span> <span class='ocrx_word' id='word_1_184' title='bbox 1665 3166 1706 3215; x_wconf 94' lang='lat' dir='ltr'>a</span> <span class='ocrx_word' id='word_1_185' title='bbox 1743 3143 2006 3236; x_wconf 87' lang='lat' dir='ltr'>Priolo‚</span> <span class='ocrx_word' id='word_1_186' title='bbox 2076 3152 2440 3237; x_wconf 88' lang='lat' dir='ltr'>postquam</span> <span class='ocrx_word' id='word_1_187' title='bbox 2494 3143 2690 3214; x_wconf 88' lang='lat' dir='ltr'>ducis</span> 
     </span>
     <span class='ocr_line' id='line_1_23' title="bbox 454 3253 2683 3362; baseline 0 -24"><span class='ocrx_word' id='word_1_188' title='bbox 454 3268 686 3342; x_wconf 87' lang='lat' dir='ltr'>scriba</span> <span class='ocrx_word' id='word_1_189' title='bbox 726 3266 985 3361; x_wconf 84' lang='lat' dir='ltr'>fuerat,</span> <span class='ocrx_word' id='word_1_190' title='bbox 1063 3253 1335 3342; x_wconf 86' lang='lat' dir='ltr'>codices</span> <span class='ocrx_word' id='word_1_191' title='bbox 1403 3280 1470 3342; x_wconf 91' lang='lat' dir='ltr'>et</span> <span class='ocrx_word' id='word_1_192' title='bbox 1543 3267 1830 3341; x_wconf 89' lang='lat' dir='ltr'>chartas</span> <span class='ocrx_word' id='word_1_193' title='bbox 1894 3269 2076 3362; x_wconf 88' lang='lat' dir='ltr'>ejus,</span> <span class='ocrx_word' id='word_1_194' title='bbox 2142 3275 2297 3362; x_wconf 90' lang='lat' dir='ltr'>post</span> <span class='ocrx_word' id='word_1_195' title='bbox 2358 3277 2683 3357; x_wconf 92' lang='lat' dir='ltr'>mortem,</span> 
     </span>
     <span class='ocr_line' id='line_1_24' title="bbox 449 3389 2681 3490; baseline 0 -29"><span class='ocrx_word' id='word_1_196' title='bbox 449 3393 870 3481; x_wconf 84' lang='lat' dir='ltr'>interceptos</span> <span class='ocrx_word' id='word_1_197' title='bbox 924 3417 1079 3467; x_wconf 91' lang='lat' dir='ltr'>esse</span> <span class='ocrx_word' id='word_1_198' title='bbox 1135 3420 1150 3465; x_wconf 91' lang='lat'><strong>:</strong></span> <span class='ocrx_word' id='word_1_199' title='bbox 1219 3417 1373 3490; x_wconf 83' lang='lat' dir='ltr'>quae</span> <span class='ocrx_word' id='word_1_200' title='bbox 1433 3395 1704 3481; x_wconf 90' lang='lat' dir='ltr'>omnia,</span> <span class='ocrx_word' id='word_1_201' title='bbox 1776 3393 1838 3463; x_wconf 91' lang='lat' dir='ltr'>si</span> <span class='ocrx_word' id='word_1_202' title='bbox 1902 3389 2280 3487; x_wconf 88' lang='lat' dir='ltr'>Capellano</span> <span class='ocrx_word' id='word_1_203' title='bbox 2344 3393 2681 3480; x_wconf 88' lang='lat' dir='ltr'>creditur,</span> 
     </span>
     <span class='ocr_line' id='line_1_25' title="bbox 447 3517 2687 3616; baseline 0 -27"><span class='ocrx_word' id='word_1_204' title='bbox 447 3542 574 3614; x_wconf 90' lang='lat' dir='ltr'>pro</span> <span class='ocrx_word' id='word_1_205' title='bbox 612 3520 907 3616; x_wconf 89' lang='lat' dir='ltr'>pecunia</span> <span class='ocrx_word' id='word_1_206' title='bbox 963 3519 1330 3593; x_wconf 91' lang='lat' dir='ltr'>restituere</span> <span class='ocrx_word' id='word_1_207' title='bbox 1366 3528 1646 3593; x_wconf 88' lang='lat' dir='ltr'>coactus</span> <span class='ocrx_word' id='word_1_208' title='bbox 1683 3527 1813 3591; x_wconf 90' lang='lat' dir='ltr'>est.</span> <span class='ocrx_word' id='word_1_209' title='bbox 1848 3517 2041 3615; x_wconf 83' lang='lat' dir='ltr'>Fieri</span> <span class='ocrx_word' id='word_1_210' title='bbox 2082 3518 2306 3611; x_wconf 88' lang='lat' dir='ltr'>potuit</span> <span class='ocrx_word' id='word_1_211' title='bbox 2360 3527 2463 3608; x_wconf 91' lang='lat' dir='ltr'>ut,</span> <span class='ocrx_word' id='word_1_212' title='bbox 2499 3518 2687 3611; x_wconf 88' lang='lat' dir='ltr'>juris</span> 
     </span>
     <span class='ocr_line' id='line_1_26' title="bbox 448 3642 2687 3742; baseline 0 -26"><span class='ocrx_word' id='word_1_213' title='bbox 448 3644 742 3738; x_wconf 71' lang='lat' dir='ltr'>quadam</span> <span class='ocrx_word' id='word_1_214' title='bbox 778 3644 1034 3741; x_wconf 85' lang='lat' dir='ltr'>specie</span> <span class='ocrx_word' id='word_1_215' title='bbox 1103 3645 1469 3736; x_wconf 81' lang='lat' dir='ltr'>subnixuS,</span> <span class='ocrx_word' id='word_1_216' title='bbox 1531 3670 1693 3742; x_wconf 87' lang='lat' dir='ltr'>quae</span> <span class='ocrx_word' id='word_1_217' title='bbox 1746 3644 2016 3736; x_wconf 88' lang='lat' dir='ltr'>forsan,</span> <span class='ocrx_word' id='word_1_218' title='bbox 2069 3642 2242 3716; x_wconf 89' lang='lat' dir='ltr'>duce</span> <span class='ocrx_word' id='word_1_219' title='bbox 2294 3643 2587 3716; x_wconf 87' lang='lat' dir='ltr'>docente</span> <span class='ocrx_word' id='word_1_220' title='bbox 2617 3655 2687 3717; x_wconf 95' lang='lat' dir='ltr'>et</span> 
     </span>
     <span class='ocr_line' id='line_1_27' title="bbox 445 3768 2684 3867; baseline 0.003 -30"><span class='ocrx_word' id='word_1_221' title='bbox 445 3768 775 3861; x_wconf 89' lang='lat' dir='ltr'>dictante,</span> <span class='ocrx_word' id='word_1_222' title='bbox 835 3771 1208 3867; x_wconf 87' lang='lat' dir='ltr'>scripserat</span> <span class='ocrx_word' id='word_1_223' title='bbox 1278 3793 1566 3844; x_wconf 88' lang='lat' dir='ltr'>servare</span> <span class='ocrx_word' id='word_1_224' title='bbox 1618 3770 1927 3844; x_wconf 86' lang='lat' dir='ltr'>voluerit</span> <span class='ocrx_word' id='word_1_225' title='bbox 1973 3794 1989 3839; x_wconf 71' lang='grc' dir='ltr'>ε</span> <span class='ocrx_word' id='word_1_226' title='bbox 2059 3792 2202 3841; x_wconf 89' lang='lat' dir='ltr'>non</span> <span class='ocrx_word' id='word_1_227' title='bbox 2271 3771 2457 3841; x_wconf 89' lang='lat' dir='ltr'>enim</span> <span class='ocrx_word' id='word_1_228' title='bbox 2509 3772 2684 3843; x_wconf 90' lang='lat' dir='ltr'>adeo</span> 
     </span>
     <span class='ocr_line' id='line_1_28' title="bbox 444 3884 2687 3992; baseline 0.003 -31"><span class='ocrx_word' id='word_1_229' title='bbox 444 3914 890 3966; x_wconf 85' lang='lat' dir='ltr'>nummorum</span> <span class='ocrx_word' id='word_1_230' title='bbox 941 3919 1062 3990; x_wconf 91' lang='lat' dir='ltr'>spe</span> <span class='ocrx_word' id='word_1_231' title='bbox 1119 3884 1597 3969; x_wconf 86' lang='lat' dir='ltr'>occaecabatur</span> <span class='ocrx_word' id='word_1_232' title='bbox 1659 3905 1735 3968; x_wconf 91' lang='lat' dir='ltr'>ut</span> <span class='ocrx_word' id='word_1_233' title='bbox 1802 3895 1979 3967; x_wconf 88' lang='lat' dir='ltr'>furis</span> <span class='ocrx_word' id='word_1_234' title='bbox 2037 3917 2410 3989; x_wconf 88' lang='lat' dir='ltr'>personam</span> <span class='ocrx_word' id='word_1_235' title='bbox 2458 3896 2687 3992; x_wconf 92' lang='lat' dir='ltr'>palam</span> 
     </span>
     <span class='ocr_line' id='line_1_29' title="bbox 444 4019 2686 4115; baseline 0.002 -28"><span class='ocrx_word' id='word_1_236' title='bbox 444 4027 713 4110; x_wconf 84' lang='lat' dir='ltr'>ageret.</span> <span class='ocrx_word' id='word_1_237' title='bbox 758 4019 1053 4115; x_wconf 91' lang='lat' dir='ltr'>Insuper</span> <span class='ocrx_word' id='word_1_238' title='bbox 1077 4022 1790 4094; x_wconf 89' lang='lat' dir='ltr'>animadvertendum</span> <span class='ocrx_word' id='word_1_239' title='bbox 1836 4020 2151 4092; x_wconf 88' lang='lat' dir='ltr'>eminere</span> <span class='ocrx_word' id='word_1_240' title='bbox 2179 4021 2571 4114; x_wconf 85' lang='lat' dir='ltr'>praesertim</span> <span class='ocrx_word' id='word_1_241' title='bbox 2611 4021 2686 4093; x_wconf 89' lang='lat' dir='ltr'>in</span> 
     </span>
    </p>

    <p class='ocr_par' dir='ltr' id='par_1_5' title="bbox 334 4144 2686 4491">
     <span class='ocr_line' id='line_1_30' title="bbox 334 4144 2686 4242; baseline 0.003 -31"><span class='ocrx_word' id='word_1_242' title='bbox 334 4202 340 4211; x_wconf 94' lang='lat'><strong>.</strong></span> <span class='ocrx_word' id='word_1_243' title='bbox 443 4146 966 4217; x_wconf 87' lang='lat' dir='ltr'>commentariis</span> <span class='ocrx_word' id='word_1_244' title='bbox 1026 4147 1385 4218; x_wconf 89' lang='lat' dir='ltr'>Rohannii</span> <span class='ocrx_word' id='word_1_245' title='bbox 1432 4169 1516 4219; x_wconf 94' lang='lat' dir='ltr'>ea</span> <span class='ocrx_word' id='word_1_246' title='bbox 1554 4145 1810 4242; x_wconf 90' lang='lat' dir='ltr'>quibus</span> <span class='ocrx_word' id='word_1_247' title='bbox 1855 4144 2085 4240; x_wconf 86' lang='lat' dir='ltr'>stylus</span> <span class='ocrx_word' id='word_1_248' title='bbox 2124 4144 2343 4216; x_wconf 89' lang='lat' dir='ltr'>Prioli</span> <span class='ocrx_word' id='word_1_249' title='bbox 2379 4146 2453 4216; x_wconf 90' lang='lat' dir='ltr'>in</span> <span class='ocrx_word' id='word_1_250' title='bbox 2494 4147 2686 4241; x_wconf 89' lang='lat' dir='ltr'>epis-</span> 
     </span>
     <span class='ocr_line' id='line_1_31' title="bbox 447 4267 2686 4366; baseline 0.003 -29"><span class='ocrx_word' id='word_1_251' title='bbox 447 4267 609 4340; x_wconf 90' lang='lat' dir='ltr'>tolis</span> <span class='ocrx_word' id='word_1_252' title='bbox 637 4269 841 4341; x_wconf 88' lang='lat' dir='ltr'>valde</span> <span class='ocrx_word' id='word_1_253' title='bbox 868 4270 1276 4366; x_wconf 83' lang='lat' dir='ltr'>insignitur,</span> <span class='ocrx_word' id='word_1_254' title='bbox 1309 4272 1635 4344; x_wconf 88' lang='lat' dir='ltr'>videlicet</span> <span class='ocrx_word' id='word_1_255' title='bbox 1668 4271 2044 4344; x_wconf 86' lang='lat' dir='ltr'>maximam</span> <span class='ocrx_word' id='word_1_256' title='bbox 2067 4270 2469 4342; x_wconf 87' lang='lat' dir='ltr'>litterarum</span> <span class='ocrx_word' id='word_1_257' title='bbox 2495 4272 2686 4343; x_wconf 83' lang='lat' dir='ltr'>noti—</span> 
     </span>
     <span class='ocr_line' id='line_1_32' title="bbox 443 4392 2686 4491; baseline 0.004 -30"><span class='ocrx_word' id='word_1_258' title='bbox 443 4392 639 4488; x_wconf 89' lang='lat' dir='ltr'>tiam,</span> <span class='ocrx_word' id='word_1_259' title='bbox 700 4396 1294 4469; x_wconf 88' lang='lat' dir='ltr'>accuratissimam</span> <span class='ocrx_word' id='word_1_260' title='bbox 1384 4397 1788 4491; x_wconf 64' lang='lat' dir='ltr'>imaginum⁷</span> <span class='ocrx_word' id='word_1_261' title='bbox 1844 4395 2441 4491; x_wconf 72' lang='lat' dir='ltr'>disquisitionem,</span> <span class='ocrx_word' id='word_1_262' title='bbox 2527 4396 2686 4469; x_wconf 89' lang='lat' dir='ltr'>licet</span> 
     </span>
    </p>
   </div>
   <div class='ocr_carea' id='block_1_4' title="bbox 505 4666 2683 4846">
    <p class='ocr_par' dir='ltr' id='par_1_6' title="bbox 505 4666 2683 4846">
     <span class='ocr_line' id='line_1_33' title="bbox 505 4666 2683 4748; baseline 0.004 -21"><span class='ocrx_word' id='word_1_263' title='bbox 505 4676 523 4710; x_wconf 76' lang='lat'>⁴</span> <span class='ocrx_word' id='word_1_264' title='bbox 555 4676 840 4728; x_wconf 67' lang='lat' dir='ltr'>ommes</span> <span class='ocrx_word' id='word_1_265' title='bbox 855 4679 931 4728; x_wconf 77' lang='lat' dir='ltr'>au</span> <span class='ocrx_word' id='word_1_266' title='bbox 948 4678 1155 4739; x_wconf 72' lang='lat' dir='ltr'>Lunai,</span> <span class='ocrx_word' id='word_1_267' title='bbox 1170 4691 1262 4742; x_wconf 75' lang='lat' dir='ltr'>par</span> <span class='ocrx_word' id='word_1_268' title='bbox 1283 4677 1440 4731; x_wconf 78' lang='lat' dir='ltr'>c.-A.</span> <span class='ocrx_word' id='word_1_269' title='bbox 1462 4678 1854 4741; x_wconf 65' lang='lat' dir='ltr'>sainte-neum,</span> <span class='ocrx_word' id='word_1_270' title='bbox 1877 4680 2151 4741; x_wconf 61' lang='lat' dir='ltr'>mennon,</span> <span class='ocrx_word' id='word_1_271' title='bbox 2169 4689 2205 4733; x_wconf 75' lang='lat' dir='ltr'>t.</span> <span class='ocrx_word' id='word_1_272' title='bbox 2238 4666 2309 4732; x_wconf 73' lang='lat' dir='ltr'>xi</span> <span class='ocrx_word' id='word_1_273' title='bbox 2316 4684 2351 4742; x_wconf 80' lang='lat'>1,</span> <span class='ocrx_word' id='word_1_274' title='bbox 2369 4699 2419 4748; x_wconf 85' lang='lat' dir='ltr'>p.</span> <span class='ocrx_word' id='word_1_275' title='bbox 2438 4683 2549 4745; x_wconf 77' lang='lat'>344,</span> <span class='ocrx_word' id='word_1_276' title='bbox 2573 4685 2683 4737; x_wconf 79' lang='lat'><strong>345.</strong></span> 
     </span>
     <span class='ocr_line' id='line_1_34' title="bbox 2117 4796 2504 4846; baseline 0.003 -1"><span class='ocrx_word' id='word_1_277' title='bbox 2117 4796 2119 4798; x_wconf 68' lang='grc'>’</span> <span class='ocrx_word' id='word_1_278' title='bbox 2472 4796 2504 4846; x_wconf 84' lang='lat'>6</span> 
     </span>
    </p>
   </div>
  </div>
 </body>
</html>
