3507 5683
1176 687 1372 737 VITA
1407 687 1501 737 ET
1537 687 1912 738 SCRIPTIS
2602 685 2663 736 39

428 824 652 920 aptior
690 824 881 894 visus
919 834 1022 896 est
1049 847 1115 913 ,»
1157 848 1310 919 quae
1353 834 1762 919 sequuntur.
1820 822 1972 896 «Et
2022 825 2331 917 implevit
2353 847 2503 897 eam
2528 823 2660 895 de-

427 964 613 1029 core,
649 950 734 1012 ut·
758 948 911 1014 erat
954 940 1025 1011 vi
1056 939 1269 1011 animi
1323 949 1390 1026 et
1436 940 1705 1035 eloquio
1756 949 2030 1034 potenS,
2077 941 2308 1034 Hagae
2369 940 2665 1012 facunde

425 1066 778 1160 peroravit
794 1064 844 1134 ¹-.
878 1090 915 1135 >›

520 1190 812 1286 Baylius
842 1189 1149 1262 affirmat
1169 1190 1483 1262 Priolum
1508 1191 2416 1297 Monasteriitantummodo
2442 1217 2656 1264 unum

425 1341 689 1390 annum
756 1316 1131 1389 mansisse:
1194 1317 1266 1386 in
1339 1340 1473 1411 quo
1533 1315 1728 1386 illum
1788 1319 2139 1388 erravisse
2205 1318 2652 1391 arbitramur.

425 1442 948 1536 Longavillaeus
1005 1442 1191 1512 enim
1262 1441 1620 1535 usque-ad
1665 1441 2113 1533 incipientem
2168 1465 2432 1514 annum
2473 1445 2662 1518 1648

423 1567 536 1639 hic
586 1566 922 1660 legationi
970 1566 1259 1638 Gallicae
1313 1563 1621 1658 praefuit,
1676 1568 1803 1638 etsi
1835 1568 2252 1661 Jamdudum
2305 1592 2345 1639 a
2411 1571 2659 1642 Maza-

426 1692 584 1764 rino
622 1693 708 1764 de
741 1691 1250 1764 conditionibus
1297 1694 1485 1787 pacis
1523 1718 1678 1764 cum
1719 1716 1888 1788 rege
1935 1694 2411 1788 Hispanorum
2469 1707 2662 1769 trac-

424 1818 665 1890 tandae
728 1808 1212 1889 dissentieBat.
1296 1819 1458 1890 Non
1530 1817 1645 1888 hic
1714 1818 1907 1889 locus
1956 1820 2378 1914 anquirendi
2425 1831 2660 1893 utrum

427 1944 660 2042 reipsa
704 1942 1076 2014 cardinalis
1119 1943 1308 2036 pacis
1347 1942 1556 2036 hujus
1612 1908 1991 2035 negotium(
2016 1943 2359 2043 conficere
2396 1950 2663 2020 consti-
2748 1919 2755 1925 .

425 2070 654 2156 tuerit,
712 2092 800 2140 an
842 2068 1400 2160 Longavillaeum
1423 2090 1545 2162 spe
1574 2067 1869 2138 foederis
1907 2090 2182 2162 semper
2230 2072 2552 2164 promissi
2589 2084 2662 2145 et

424 2218 698 2289 semper
772 2193 1046 2264 remissi
1117 2192 1455 2264 deluserit
1520 2215 1535 2260 :
1602 2191 1782 2286 quod
1850 2190 2154 2264 Cheruel
2223 2195 2294 2264 in
2363 2195 2652 2269 historia

423 2318 968 2406 accuratissime,
1040 2340 1163 2389 sua
1229 2318 1475 2412 cuique
1537 2319 1787 2390 merita
1849 2317 2196 2408 tribuenS,
2264 2320 2659 2412 expendit2:

424 2443 1132 2515 Animadvertendum
1208 2451 1311 2514 est
1395 2442 1710 2513 Priolum
1794 2466 2232 2538 nequaquam
2284 2444 2353 2513 in
2413 2447 2663 2517 Maza-

425 2568 653 2639 rinum
700 2566 984 2640 foederis
1022 2567 1206 2662 rupti
1254 2567 1522 2661 culpam
1576 2567 1981 2639 derivasse:
2028 2576 2322 2639 testatur
2360 2570 2543 2640 enim
2582 2571 2657 2640 in

422 2693 599 2766 libro
662 2719 812 2780 suo,
856 2703 933 2765 ut
973 2694 1102 2764 sibi
1148 2718 1231 2764 ex
1263 2693 1525 2765 'litteris
1562 2693 2027 2786 Longavillaei
2079 2693 2170 2765 ad
2232 2695 2661 2768 cardinalem

423 2830 850 2915 compertum
890 2829 1063 2907 erat,
1108 2819 1456 2914 Hispanos
1503 2843 1626 2891 sua
1665 2819 2249 2913 tergiversatione
2294 2821 2422 2892 hoc
2457 2845 2661 2916 spec-

421 2954 605 3015 tasse
635 2947 717 3013 'ut
756 2966 1029 3037 semper
1067 2942 1387 3037 quaedam
1425 2943 1650 3035 capita
1692 2943 2155 3013 subducerent
2185 2967 2318 3037 quo
2351 2943 2622 3017 facilius
2635 3000 2652 3034 ,

335 3093 340 3098 ·
422 3066 606 3141 facta
644 3069 918 3139 demum
939 3090 1094 3137 cum
1129 3066 1493 3138 Hollandis
1513 3089 1710 3162 pace,
1737 3067 2105 3138 Gallorum
2135 3091 2329 3162 spem
2359 3067 2657 3141 frustra—

421 3204 622 3266 rent:
658 3202 901 3265 etcum
925 3193 1330 3264 Mazarinus
1349 3193 1626 3265 timeret
1674 3216 1763 3264 ne
1794 3193 2042 3264 Galliae
2077 3204 2653 3285 oratores,1nan-

319 3369 328 3375 -
423 3319 599 3391 datis
630 3319 848 3412 regiis
876 3319 1085 3388 nimis
1124 3318 1459 3406 adstricti,
1498 3326 1689 3389 ortas
1719 3316 2162 3391 difficultates
2215 3344 2299 3391 ex
2344 3327 2656 3415 tempore

422 3445 757 3516 dirimere
810 3445 1200 3537 nequirent,
1245 3442 1723 3538 frequentibus
1780 3443 2034 3515 litteris
2075 3466 2116 3515 a
2169 3445 2652 3538 Longavillaeo

421 3594 581 3642 eum
639 3569 1048 3665 quaesivisse
1103 3570 1451 3665 numquid>
1520 3571 1745 3641 adhuc
1799 3571 2292 3643 remittendum
2347 3574 2434 3644 de
2490 3576 2654 3668 jure

418 3693 639 3788 regio,
664 3704 740 3766 ut
767 3696 869 3765 rei
898 3704 1199 3789 potestas
1239 3694 1343 3764 illi
1383 3694 1592 3789 plena
1629 3695 2092 3767 tribueretur:
2143 3696 2256 3767 Ad
2281 3698 2431 3768 haec
2462 3698 2654 3769 Lon-

419 3820 826 3913 gavillaeum
863 3820 1344 3914 respondisse:
1382 3820 1799 3914 «Hispanos
1838 3821 1924 3891 ab
1960 3822 2146 3891 omni
2167 3822 2654 3917 compositione

484 4106 502 4140 ¹
540 4104 758 4156 Cher-uel
790 4106 939 4156 Hist'.
964 4107 1029 4154 de
1075 4089 1297 4154 France
1339 4106 1592 4168 pendant
1623 4105 1679 4153 la
1712 4105 1987 4155 minorite'
2009 4105 2072 4152 de
2119 4106 2294 4153 Louis
2318 4104 2479 4167 XIV,
2501 4113 2538 4156 t.
2584 4106 2653 4164 11,

420 4186 502 4235 ch.
531 4202 569 4245 1,
599 4201 650 4249 p.
689 4186 766 4234 17.
790 4187 1019 4246 PrioluS,
1054 4185 1090 4238 1.
1114 4201 1171 4243 X,
1193 4202 1245 4250 p.
1279 4186 1354 4235 13.
1386 4186 1507 4236 Alia
1529 4192 1812 4251 sequuntur
1842 4186 1894 4234 in
1928 4184 2192 4235 codicibus
2217 4185 2466 4234 Mazarini
2502 4186 2567 4249 (fo
2598 4185 2656 4234 16

421 4275 471 4312 r⁰
498 4270 549 4313 et
566 4272 638 4324 vo)
667 4280 782 4329 quae
803 4265 1006 4314 Priolus
1037 4266 1103 4315 ad
1128 4267 1438 4318 cardinalem
1470 4282 1570 4315 non
1600 4268 1767 4316 solum
1797 4267 1859 4315 de
1876 4267 2093 4316 Avossio
2124 4266 2447 4326 etServien0‚
2471 4265 2561 4315 sed
2589 4265 2651 4314 de

418 4344 803 4394 tractationibus
830 4346 1073 4395 retulerat
1103 4362 1113 4394 :
1148 4362 1207 4396 ea
1235 4352 1424 4406 autem,
1450 4346 1657 4398 confuse
1676 4352 1726 4395 et
1749 4346 2106 4410 compendiose
2145 4346 2351 4409 scripta,
2378 4345 2549 4408 legere
2570 4359 2657 4393 ne·

418 4427 690 4493 quivimus,
714 4428 790 4476 Ex
828 4428 909 4477 his
937 4432 1108 4478 tamen
1133 4429 1433 4493 intelligitur
1458 4445 1489 4478 a
1512 4431 1690 4479 Priolo
1711 4429 1944 4494 quaedam
1967 4428 2030 4477 de
2068 4427 2432 4476 mediatoribus
2459 4426 2657 4490 adjecta

419 4522 549 4564 esse,
578 4513 666 4556 ut:
698 4526 723 4551 α
753 4507 882 4557 Dice
915 4509 1007 4557 che
1036 4509 1072 4557 li
1102 4509 1372 4560 mediatori
1403 4525 1526 4558 sono
1559 4510 1677 4559 tutti
1706 4525 1797 4574 per
1825 4509 1897 4559 M.
1925 4509 2192 4570 Daveau,e
2214 4507 2251 4556 li
2276 4507 2458 4556 crede?
2495 4506 2661 4555 ambi-

419 4588 506 4638 dui
540 4588 792 4653 spagnoli.
841 4607 868 4633 ι)
899 4590 1041 4639 Dixit
1087 4606 1289 4655 quoque
1319 4591 1563 4641 nonnulla
1594 4589 1797 4640 Priolus
1825 4590 1889 4639 de
1939 4586 2156 4638 Altessae
2176 4587 2324 4637 titulo
2380 4602 2531 4651 quern
2561 4588 2660 4637 sibi

420 4666 794 4730 Longavi'llaeus
815 4667 917 4717 dux
942 4666 1198 4717 vindicare
1241 4668 1542 4719 Monasterii
1573 4672 1812 4720 tentArat.

482 4748 506 4782 2
541 4746 777 4809 Cher-uel,
802 4751 836 4795 t.
874 4747 941 4806 11,
969 4748 1053 4796 ch.
1086 4763 1164 4808 w,
1190 4764 1244 4812 p.
1281 4751 1394 4799 478.
