3507 5683
1213 623 1408 675 VITA
1443 621 1540 673 ET
1576 622 1961 675 SCRIPTIS.
2655 627 2713 676 17

471 761 640 832 tium
680 770 749 833 et
801 760 1146 834 decimum
1191 734 1437 855 gessit.
1493 760 1708 831 Duxit
1748 761 1972 854 igitur
2036 772 2275 849 noster
2312 785 2355 834 a
2391 763 2747 864 principe'

468 908 874 980 praenomen
913 896 982 960 et
1011 888 1166 959 ideo
1220 886 1475 959 abhinc
1501 888 1965 982 BenJaminus
2011 888 2256 988 dictus·
2285 897 2416 959 est.
2491 891 2712 985 Cujus

473 1035 695 1082 sacrae
723 1012 1166 1106 cognationis
1191 1013 1426 1106 gratia
1455 1022 1694 1105 postea
1722 1036 1799 1084 se
1854 1012 2170 1084 Venetiis
2200 1013 2394 1084 ducis
2426 1014 2714 1086 Rohan-

469 1135 569 1206 nii
594 1137 895 1233 fortunae
934 1139 1254 1210 inseruit.
1287 1137 1619 1211 Affirmat
1645 1138 1903 1211 Nicero
1933 1137 2134 1209 illum
2179 1137 2396 1210 fuisse
2422 1139 2709 1234 quinde-

468 1261 602 1333 cim
637 1263 838 1334 annis
893 1273 1134 1334 natum
1172 1263 1445 1357 quando
1507 1273 1717 1357 patre,
1747 1271 1817 1335 et
1877 1272 2103 1335 matre
2164 1264 2453 1337 orbatus
2497 1263 2703 1338 fuit¹.

467 1384 769 1459 Difficile
828 1398 1060 1460 autem
1117 1397 1234 1461 est.
1262 1386 1448 1458 dictu
1508 1398 1847 1483 quatenus
1903 1388 1993 1459 sit
2039 1387 2111 1458 in
2158 1389 2289 1460 hoc
2341 1399 2408 1461 et
2449 1389 2519 1460 in
2552 1390 2711 1462 aliis

468 1511 681 1583 rebus
711 1536 867 1608 quae
904 1513 995 1584 ad
1045 1513 1264 1584 vitam
1320 1511 1721 1584 ulteriorem
1762 1513 1979 1584 Prioli
2009 1523 2351 1607 spectant,
2402 1515 2705 1604 Rhodio,

466 1636 745 1732 BayliO,
842 1637 1313 1732 Niceronique
1403 1615 1798 1724 fidendum',
1885 1637 2453 1735 quandoquidem
2558 1639 2709 1713 fere

466 1785 742 1857 semper
782 1762 856 1832 in
899 1761 1027 1833 hac
1074 1762 1364 1834 materia
1425 1761 1750 1834 titubant.
1828 1762 2195 1835 Remansit
2247 1763 2464 1857 igitur
2521 1765 2708 1837 solus

468 1886 877 1960 adolescens
943 1887 1248 1974 PrioluS,
1308 1885 1458 1958 fere
1510 1887 1831 1958 omnibus
1874 1910 2091 1980 egens
2151 1886 2421 1982 opibuS,
2486 1898 2576 1977 et,
2635 1898 2709 1960 ut

458 2011 684 2084 'verba
720 2010 977 2083 Rhodii
1009 2020 1316 2100 mutuer,
1349 2036 1383 2082 «
1421 2034 1577 2082 cum
1632 2011 2001 2106 iniquitate
2042 2009 2356 2083 fortunae
2400 2033 2536 2105 qua
2566 2021 2707 2085 tota

467 2134 638 2208 vita‘
668 2158 972 2209 noverca
1011 2159 1176 2208 usus
1226 2144 1354 2225 est,
1402 2137 1608 2230 caepit
1661 2135 2047 2225 colluctari,
2109 2133 2408 2230 undique
2472 2136 2709 2231 inopia

468 2285 710 2333 rerum
741 2261 1050 2333 omnium
1087 2261 1602 2334 circumventus
1627 2267 1677 2331 2.
1714 2283 1757 2330 s>
1791 2262 1964 2333 Haec
2003 2261 2132 2332 fuit
2163 2286 2331 2335 vere
2358 2261 2708 2335 indefessa

467 2395 839 2482 paupertas
887 2388 1093 2457 unica
1142 2408 1415 2458 morum
1464 2396 1532 2458 et
1581 2386 1837 2458 indolis
1873 2388 2096 2459 Prioli
2149 2387 2518 2482 magistra,
2571 2410 2706 2482 qua

465 2536 592 2607 per
631 2522 848 2584 totum
895 2513 1062 2585 vitae
1112 2513 1484 2584 decursum
1533 2513 1820 2603 invituS,
1879 2510 2177 2584 maximo
2213 2513 2584 2606 probitatis
2641 2522 2732 2587 et‘

465 2638 745 2710 virtutis
768 2638 1051 2728 damm),
1083 2661 1255 2710 usus
1273 2648 1403 2710 est.
1436 2637 1848 2732 Appellatus
1869 2635 2000 2708 fuit
2018 2638 2312 2715 ulterius
2338 2662 2380 2710 a
2399 2640 2706 2711 Brienna

466 2763 538 2834 in
568 2764 1084 2836 commentariis
1128 2788 1164 2834 «
1214 2761 1507 2836 l’auteur
1545 2762 1613 2834 le
1644 2740 1802 2859 plus
1833 2786 2102 2858 pauvre
2141 2786 2306 2835 sans
2357 2763 2706 2836 contredit

468 2890 555 2961 de
582 2914 707 2961 son
736 2899 960 2984 temps
988 2888 1096 2959 3».
1166 2889 1294 2961 Cui
1334 2890 1393 2961 si
1424 2913 1583 2985 quae
1612 2890 1972 2961 excusatio
2012 2890 2256 2961 afferri
2284 2900 2512 2986 potest
2541 2892 2703 2962 dum

467 3027 706 3112 peccat
740 3027 809 3087 et
848 3016 1030 3088 inter
1065 3016 1300 3087 omnia
1340 3015 1505 3086 dum
1538 3015 1786 3087 ducem
1826 3015 2414 3109 Longavillaeum,
2458 3017 2704 3088 Maza-

467 3141 606 3212 rini
642 3142 898 3235 gratia,
930 3141 1364 3236 speculatur,
1403 3152 1597 3214 certe
1625 3163 1714 3212 ex
1738 3149 2151 3235 paupertate
2172 3141 2514 3213 trahenda
2542 3166 2702 3214 cum

466 3267 600 3362 qua
622 3266 869 3338 comite
883 3289 1124 3337 omnes
1137 3275 1367 3339 terras
1392 3266 1872 3361 perlustravit.
1903 3266 2200 3338 Videtur
2222 3266 2344 3340 ille
2355 3268 2702 3360 recepisse

466 3391 614 3464 sive
642 3415 684 3463 a
716 3401 940 3487 patre,
969 3392 1121 3463 sive
1152 3391 1290 3463 alio
1322 3416 1408 3464 ex
1437 3390 1658 3482 fonte,
1692 3391 1859 3463 dum
1884 3403 2064 3486 puer·
2091 3401 2267 3481 erat,
2294 3392 2520 3487 prima
2544 3416 2702 3464 eru-

464 3517 742 3588 ditionis
764 3515 1110 3588 elementa
1132 3539 1317 3611 quae,
1336 3528 1412 3588 ut
1431 3517 1911 3611 amplificaret,
1944 3526 2096 3609 post
2122 3527 2495 3611 parentum
2518 3540 2702 3589 mor-

465 3654 602 3714 tem
624 3665 699 3712 se
721 3641 1121 3714 Orthesium
1143 3641 1215 3711 iu
1239 3642 1634 3713 Benearnia
1650 3640 1971 3729 contulit,
1991 3641 2152 3712 hinc
2163 3641 2701 3713 Montalbanum

464 3766 942 3841 Cadurcorum
980 3765 1162 3861 quod
1194 3764 1554 3858 religionis
1604 3788 1807 3838 novae
1866 3775 2014 3851 tum
2041 3776 2246 3860 caput
2276 3763 2697 3855 habebatur,

465 3892 761 3987 denique
806 3891 1220 3983 Lugdunum
1246 3889 1657 3962 batavorum
1685 3891 1884 3984 cujus
1913 3891 2272 3963 academia
2319 3892 2491 3994 viris
2535 3892 2703 3964 insi-

465 4015 721 4109 gnibus
750 4024 818 4088 et
855 4016 1198 4110 imprimis
1228 4014 1525 4120 Daniele
1553 4016 1844 4087 Heinsio
1874 4025 1942 4088 et
1976 4016 2228 4087 Vossio
2273 4041 2355 4089 eo
2392 4026 2702 4113 tempore

463 4142 755 4214 florebat
783 4139 833 4212 ⁴.
882 4141 1015 4212 Hic
1044 4141 1328 4212 Priolus
1369 4138 1521 4213 fere
1559 4140 1788 4213 tribus
1825 4142 2030 4213 annis
2061 4144 2274 4215 stetit.
2306 4145 2384 4214 In
2406 4167 2541 4240 quo
2575 4168 2703 4216 ce-

526 4429 545 4465 ¹
574 4428 813 4481 Niceron.
850 4427 1171 4488 Mdmoires‚
1200 4432 1322 4492 etc„
1349 4432 1386 4477 t.
1420 4427 1658 4485 XXXIX,
1696 4444 1745 4493 p.
1773 4426 1871 4479 298
1902 4435 1955 4480 et
1981 4429 2112 4481 suiv.
2712 4445 2733 4515 a

528 4510 551 4545 ²
580 4510 831 4574 Rhodius,
858 4526 912 4576 p.
947 4510 994 4560 1.

525 4591 549 4628 3
578 4593 644 4642 H.
676 4591 739 4640 de
760 4590 1000 4641 Lomenie
1034 4589 1098 4638 de
1117 4588 1356 4647 Erisane,
1380 4590 1549 4639 Μόνη.
1578 4589 1800 4653 ἰηέἀίτε,
1833 4596 1870 4641 t.
1895 4593 1961 4652 11,
1989 4607 2040 4656 p.
2063 4593 2114 4644 2.

527 4673 551 4709 ⁴
581 4671 836 4731 Rhodius,
863 4687 913 4735 p.
947 4671 993 4719 1.
