3507 5683
778 648 868 699 120
1441 647 1542 699 DE
1571 646 2030 698 BENJAMJNI
2065 643 2347 697 PRIOLI

773 790 1078 882 species?
1104 798 1267 884 quot
1286 788 1538 860 decora
1560 811 1826 877 rerum,
1859 786 2044 856 domi
2067 778 2516 878 militiaeque¹l
2562 805 2600 851 »
2633 780 2815 867 Quid
2848 780 3016 853 ridi·

775 914 1001 986 culius
1060 914 1423 1007 Chavignii
1492 913 1833 1005 oratioue,
1909 911 2193 982 Annam
2269 908 2742 997 Austriacam,
2827 929 3020 977 more

777 1039 1085 1131 antiquo,
1134 1037 1578 1132 alloquentis.
1629 1061 1680 1157 ἕ(
1723 1038 1876 1122 Quo
1939 1055 2189 1131 usque,
2256 1032 2507 1128 inquit,
2579 1031 3020 1125 Reginarum

777 1163 1062 1257 optima,
1120 1163 1542 1256 degenerem
1588 1170 1824 1257 togam
1888 1170 1957 1233 et
2009 1183 2309 1253 regnum
2368 1168 2651 1231 senatus
2705 1157 3023 1253 patiere?

774 1288 1109 1360 Ludovici
1139 1309 1409 1373 maneS‚
1457 1298 1526 1360 et
1574 1284 1876 1359 Richelii
1904 1284 2202 1357 nominis
2224 1285 2501 1375 umbra,
2533 1283 2656 1356 ubi
2688 1279 2949 1356 estis²2
2982 1305 3018 1350 »

776 1415 1006 1499 Quum
1033 1422 1269 1486 autem
1294 1411 1604 1502 PrioluS,
1636 1410 1958 1483 imitandi
1993 1410 2478 1506 antiquitatem
2527 1433 2695 1483 cura
2724 1430 3019 1490 vacuus,

778 1539 1123 1611 alacritati
1134 1546 1426 1626 ,naturae
1465 1546 1533 1610 et
1558 1536 1834 1629 ingenii
1871 1535 2098 1630 vigori
2157 1534 2469 1608 habenas
2516 1533 2664 1625 dat,
2705 1531 2909 1604 modo
2948 1531 3024 1601 in

777 1671 1067 1757 argutos
1098 1685 1348 1735 sensus
1407 1683 1763 1756 novasque
1802 1659 2162 1754 opiniones
2200 1659 2609 1749 effunditur,
2653 1657 2856 1730 modo
2909 1678 3027 1728 res

676 1841 691 1853 -
778 1799 1017 1883 gestas
1036 1788 1236 1884 quasi
1264 1788 1336 1858 in
1357 1786 1596 1860 tabula
1623 1785 1939 1882 depingit
1958 1783 2011 1856 3.
2039 1784 2424 1858 Audiamus
2450 1809 2608 1857 eum
2630 1783 2716 1856 de
2730 1782 3028 1855 Parisiis

777 1913 1010 1987 vivide
1042 1914 1466 2008 loquentem.
1512 1937 1550 1982 c<
1594 1910 1733 1983 Sed
1767 1911 1932 2007 quid
1970 1918 2102 2003 est,
2148 1919 2417 2007 quaeret
2435 1910 2858 2006 peregrinus
2887 1909 3027 1980 ali-

781 2040 963 2133 quiS,
1010 2038 1196 2134 quod
1231 2036 1449 2133 plebe,
1510 2035 1693 2132 quod
1736 2034 1927 2108 Urbs
1956 2036 2032 2106 in
2059 2034 2193 2108 hac
2251 2045 2452 2130 parte
2497 2043 2785 2108 vocatur
2822 2059 2838 2105 ε
2874 2033 3028 2105 fre-

782 2164 1062 2259 quentia
1099 2163 1216 2234 illa
1255 2186 1409 2258 quae
1444 2160 1738 2234 Lutetiae
1792 2160 2069 2247 visitur,
2125 2160 2235 2233 cui
2296 2160 2421 2233 vix
2470 2161 2815 2232 immensa
2847 2165 3028 2229 tecta

782 2285 1139 2360 sufficiunt
1176 2310 1191 2357 ε
1249 2286 1560 2359 maxima
1587 2309 1749 2381 pars
1777 2284 2231 2384 illiusturbae
2266 2286 2495 2382 patria
2513 2293 2705 2358 caret
2730 2308 2746 2355 ε
2775 2282 3028 2354 incolae

784 2414 1002 2486 exteri
1042 2423 1226 2485 sunt.
1271 2414 1313 2486 J
1318 2411 1457 2485 ube
1483 2412 1610 2486 hos
1633 2435 1874 2483 omnes
1890 2412 1982 2484 ad
2001 2434 2256 2483 nomen
2279 2411 2486 2483 citari
2515 2419 2583 2482 et
2609 2409 2794 2482 unde
2817 2407 3030 2480 -domo

787 2539 1078 2635 quisque
1102 2539 1194 2610 sit
1215 2548 1399 2633 pete.
1443 2535 1737 2608 Videbis
1792 2535 2063 2609 relictis
2110 2535 2397 2608 sedibus
2434 2536 2714 2608 venisse
2748 2531 3033 2608 confer-

786 2664 1000 2736 timin
1024 2662 1319 2751 Urbem,
1363 2685 1524 2759 quae
1564 2660 1743 2733 nulli
1778 2684 1855 2734 se
1907 2684 2180 2756 negans
2212 2649 2539 2735 facta'est
2577 2661 2786 2734 totius
2816 2669 3028 2732 terrae

785 2788 1008 2885 patria
1058 2788 1467 2881 communis,
1498 2810 1627 2884 per
1681 2786 1907 2860 lutum
1930 2787 2102 2862 illud
2149 2787 2318 2862 scite
2347 2789 2669 2879 mixtum,
2719 2787 2885 2884 quia
2929 2785 3031 2857 ibi

786 2914 1097 3010 ingentia
1118 2915 1408 3009 praemia
1424 2913 1830 3003 virtutibuS,
1856 2917 1992 3010 maj
2002 2937 2128 2989 ora
2149 2915 2337 3015 vitiis
2359 2924 2708 3009 ponuntur
2727 2912 2780 2986 4.
2811 2938 2848 2984 »
2871 2913 2916 2986 J
2919 2935 3033 2985 am

790 3060 999 3133 supra
1023 3037 1559 3134 descriptionem
1615 3042 1965 3112 exercitus
2020 3040 2378 3115 Condeani
2424 3040 2741 3112 Parisios
2788 3040 3034 3134 ingre·

789 3164 1046 3245 dientis
1066 3165 1431 3238 citavimus
1470 3191 1487 3237 z
1522 3168 1864 3240 succurrit
1916 3167 2121 3245 nobis
2148 3167 2284 3241 alia
2337 3166 2680 3263 ejusmodi
2730 3167 3026 3261 pictura,

855 3418 874 3453 ¹
906 3416 1134 3477 Priolus,
1158 3418 1249 3478 111,
1275 3433 1326 3482 p.
1355 3418 1434 3468 15.

852 3498 876 3533 2
909 3499 1005 3559 Id.‚
1038 3499 1130 3559 ΙΙΙ,
1156 3513 1207 3562 p.
1245 3498 1324 3552 12.
1349 3500 1424 3549 Cf.
1446 3514 1646 3564 quoque
1690 3501 1779 3557 tv,
1806 3515 1857 3564 p.
1892 3498 1971 3558 17,
2005 3499 2092 3548 ubi
2135 3499 2199 3550 de
2229 3476 2512 3564 Burdigala
2532 3499 2723 3550 dicitur
2753 3514 2821 3549 α·
2819 3499 3031 3549 Civitas

790 3593 995 3643 procax,
1022 3594 1139 3628 cum
1161 3579 1287 3628 soris
1307 3580 1508 3629 hostem
1525 3594 1628 3629 non
1646 3579 1877 3637 haberet,
1898 3578 2042 3629 domi
2063 3579 2269 3643 quaerit,
2293 3594 2356 3629 ac
2371 3582 2569 3631 instar
2589 3579 3037 3642 Sympleqadum

792 3657 979 3719 gaudet
1003 3656 1167 3717 allidi,
1204 3675 1228 3704 »
1255 3663 1341 3706 aut
1370 3659 1434 3718 11,
1459 3675 1507 3722 p.
1537 3658 1627 3707 62.
1660 3677 1686 3704 «
1716 3657 1821 3707 Sed
1845 3674 1909 3707 ne
1939 3658 2048 3722 ipse
2075 3664 2254 3708 contra
2273 3659 2631 3727 praescriptum
2653 3673 2826 3723 meum
2852 3657 3038 3725 invotl-

791 3751 923 3786 vam
946 3752 1036 3786 me
1063 3738 1281 3788 sensim
1331 3738 1563 3798 vertici,
1584 3741 1786 3802 cymba
1818 3752 1946 3787 mea
1978 3738 2118 3802 ἱερεῖ
2151 3740 2335 3789 littus
2375 3758 2400 3786 »
2437 3739 2513 3788 Ct'.
2547 3754 2662 3803 quae
2695 3739 2747 3787 in
2779 3754 2868 3788 ore
2902 3736 3038 3787 mili·

791 3823 916 3877 tum,
943 3816 1222 3867 Condaeum
1257 3817 1626 3883 alloquentium
1651 3819 1809 3884 ponit,
1840 3819 2107 3868 rhetorum
2159 3834 2302 3868 more
2336 3821 2449 3882 (VI,
2479 3835 2532 3884 p.
2588 3822 2698 3879 14).
2722 3846 2785 3855 —-
2811 3819 2882 3870 At
2913 3832 3035 3868 vero

790 3896 959 3958 militi,
989 3904 1260 3962 conspecto
1316 3897 1558 3957 CondaeO,
1593 3899 1778 3948 elicitae
1808 3898 1998 3969 gaudio
2028 3897 2277 3958 lacrimae,
2307 3900 2632 3950 salutationis
2657 3915 2786 3949 nova
2818 3897 3040 3949 exsulta-

792 3978 929 4026 tione
952 3982 1003 4026 et
1027 3977 1355 4042 contingendi
1386 3978 1698 4042 cupiditate:
1735 3995 1760 4024 ι(
1791 3978 2040 4028 Videmus
2064 3982 2132 4038 te,
2161 3992 2192 4027 o
2223 3978 2461 4043 princeps
2492 3983 2683 4038 noster,
2723 3979 2920 4029 salvum
2948 3995 3039 4029 re·-

791 4057 1026 4120 cipimus,
1057 4070 1153 4120 ego
1174 4063 1341 4106 tecum
1366 4057 1418 4106 in
1447 4057 1707 4119 mandria,
1739 4063 1911 4107 tecum
1939 4058 1992 4106 in
2024 4055 2320 4118 Germania,
2339 4063 2506 4107 tecum
2527 4060 2578 4106 in
2598 4059 2846 4122 Hispania
2865 4059 3041 4109 trium-

792 4136 944 4200 phau
964 4138 974 4184 t
999 4135 1073 4185 Te
1097 4136 1242 4196 duce,
1269 4138 1487 4187 Danubii
1517 4144 1567 4187 et
1588 4138 1759 4188 Rheni
1783 4138 1991 4202 agmina
2015 4144 2194 4188 nostra
2220 4153 2520 4202 percurrere
2544 4140 2698 4204 ripas,
2721 4155 2849 4205 quas
2878 4140 3040 4190 admi-

792 4215 1007 4265 rationis
1032 4215 1167 4265 sama
1198 4216 1519 4280 conjunxisti.
1548 4235 1574 4265 »
1609 4218 1760 4268 Mitto
1804 4223 1976 4268 autem
2020 4220 2232 4282 stylum:
2270 4219 2450 4269 videor
2480 4219 2609 4269 mihi
2638 4220 2820 4270 audire
2850 4221 3040 4270 milites

791 4293 1158 4359 Napoleonem,
1191 4311 1252 4346 ex
1275 4296 1443 4346 insula
1477 4297 1582 4347 Ilva
1613 4297 1934 4359 redeuntem,
1965 4299 2328 4349 acclamantes!

850 4372 875 4411 3
907 4376 994 4426 Fit
1034 4376 1190 4426 etiam
1229 4377 1503 4442 aliquando
1557 4384 1614 4428 ut
1654 4379 1854 4429 duobus
1910 4385 1998 4430 aut
2056 4379 2220 4429 tribus
2269 4381 2443 4431 verbis
2484 4381 2748 4432 hominem
2793 4397 3037 4448 expresse

797 4463 1143 4521 repraesentet,
1167 4464 1223 4508 ut
1245 4458 1309 4507 de
1339 4459 1595 4509 Rocroica
1618 4459 1819 4525 Pugna,
1851 4463 1918 4519 ΙΙ,
1948 4477 1997 4526 p.
2025 4460 2074 4511 6.
2102 4479 2128 4509 ι(
2153 4461 2451 4525 Enguianus
2467 4462 2646 4514 dextra
2670 4462 2902 4543 laevaque
2922 4478 3041 4513 ocu-

791 4534 872 4585 los
903 4537 1104 4587 vivaces
1129 4539 1480 4596 circumferre.
1527 4539 1684 4590 dubio
1711 4545 1912 4599 eventu,
1947 4556 2042 4605 pro
2079 4542 2272 4591 victore
2296 4557 2352 4593 se
2384 4556 2589 4606 gerens,
2622 4558 2872 4609 nusquam
2901 4558 3035 4608 prae-

789 4617 975 4668 cociori
1003 4618 1192 4682 gaudio
1225 4619 1432 4671 fortuna
1454 4627 1800 4686 provocata.»

844 4696 870 4732 ⁴
898 4697 1197 4760 PrioluS‚V‚
1225 4716 1276 4766 p.
1305 4701 1386 4751 72.
