3507 5683
1215 674 1408 725 VITA
1443 674 1539 723 ΕΤ
1567 670 1993 723 SCRIPTIs
2643 674 2704 727 19

466 830 714 880 versus
744 819 849 882 est
868 809 1270 904 quaerendis
1316 809 1505 903 apud
1534 809 1843 881 Venetos
1874 808 2171 902 originis
2220 799 2367 881 suae
2398 810 2708 903 primor—

455 932 625 1005 diis.
653 934 920 1005 Blande
959 943 1286 1029 exceptus
1325 957 1367 1006 a
1404 943 1654 1006 senatu
1690 933 1919 1005 factus
1956 956 2196 1028 equeS‚
2234 932 2351 1005 sed
2389 933 2709 1006 exclusus

466 1059 751 1152 generis
803 1059 908 1131 sui
953 1058 1432 1153 praerogativa
1481 1059 1807 1153 quoniam
1844 1057 2210 1130 Antonius·
2237 1058 2517 1130 Priolus
2556 1060 2708 1153 ejus

466 1206 640 1256 avus
660 1193 993 1280 paternus
1010 1184 1125 1279 qui
1140 1184 1465 1278 princeps
1488 1182 1623 1256 fuit
1651 1182 2088 1279 Reipublicae
2107 1184 2542 1259 Venetorum
2566 1209 2707 1257 non

464 1310 686 1406 potuit
721 1310 1108 1403 legitimum
1135 1309 1653 1381 matrimonium
1695 1318 1893 1382 extra
1920 1309 2170 1382 urbem
2200 1320 2268 1381 et
2289 1333 2444 1381 cum
2466 1319 2707 1382 extera

466 1436 901 1509 contraxisse
922 1435 1135 1507 salvis
1165 1435 1415 1530 patriae
1435 1434 1710 1527 legibus
1729 1433 1778 1505 ¹.
1813 1459 1849 1504 ›>
1892 1437 2074 1521 Quot
2094 1436 2338 1527 verba,
2375 1444 2475 1507 tot
2512 1459 2706 1508 erro-

469 1585 606 1634 res.
647 1563 1029 1657 Nunquam.
1077 1560 1217 1631 dux
1263 1560 1698 1633 Venetorum
1736 1557 1873 1633 fuit
1915 1561 2085 1632 Ant.
2134 1561 2464 1643 Priolus:
2509 1563 2706 1634 Ben-

455 1687 707 1782 jamini
745 1685 875 1758 fuit
914 1710 1056 1758 non
1087 1709 1269 1757 avus
1317 1684 1441 1757 sed
1496 1709 1829 1780 proavus.
1868 1684 2113 1757 Tertio
2176 1686 2478 1782 denique
2525 1686 2698 1776 1000,

464 1810 755 1907 Baylius
808 1812 1225 1883 monstravit
1268 1821 1602 1906 quantum
1640 1812 1709 1881 in
1756 1813 1887 1883 hoc
1920 1811 2289 1884 'erraverit
2345 1811 2696 1895 Rhodius,

466 1931 1019 2028 quandoquidem
1071 1954 1209 2003 non
1255 1954 1337 2002 eo
1387 1954 1522 2027 quo
1570 1933 1787 2003 vitam
1843 1931 2118 2003 Patavii
2168 1930 2471 2026 degebat
2520 1943 2705 2003 tem-

464 2080 634 2152 pore
673 2057 795 2129 sed
824 2057 1062 2128 multis
1092 2065 1246 2152 post
1268 2057 1501 2141 annm,
1530 2067 1604 2129 ut
1634 2080 1850 2151 supra
1890 2056 2218 2147 diximuS,
2243 2079 2453 2152 eques
2475 2057 2705 2130 Vene-

464 2192 577 2256 tus
626 2181 852 2255 factus
898 2194 1001 2254 est
1044 2183 1348 2254 PrioluS.
1416 2182 1644 2255 Natus
1701 2192 1855 2254 erat
1920 2190 2066 2253 tum
2130 2183 2435 2274 PrioluS‚
2496 2207 2706 2278 quum

470 2309 1184 2403 primumPatavium
1218 2309 1417 2399 adiit,
1456 2317 1600 2381 tres
1631 2317 1701 2381 et
1731 2309 1987 2402 viginti
2018 2332 2269 2398 annOS,
2314 2318 2519 2402 prout
2556 2332 2706 2383 sus-

459 2436 675 2531 picari
701 2435 872 2507 libet
900 2457 985 2506 ex
1011 2435 1304 2529 epistola
1339 2434 1429 2507 ad
1449 2435 1753 2507 Venetos
1782 2436 1855 2505 in
1877 2458 2016 2530 qua
2044 2436 2193 2530 ipse
2221 2459 2238 2506 t
2271 2459 2308 2505 (<
2335 2435 2489 2528 Ego
2516 2436 2705 2530 apud

455 2585 582 2633 vos
610 2571 876 2657 septem
902 2583 1123 2632 annos
1140 2561 1284 2632 vixi
1316 2586 1352 2630 ))
1378 2559 1769 2654 profitetur.
1805 2560 2029 2645 Quum
2071 2570 2301 2643 autem
2333 2560 2696 2650 VenetiaS,

456 2686 1326 2783 auspiceduceRohannio,
1360 2686 1640 2781 reliquit
1661 2685 1790 2758 sub
1805 2686 1944 2757 fine
1969 2684 2313 2757 millesimi
2339 2697 2700 2758 sexcente-
2782 2759 2789 2763 .

459 2812 613 2885 simi
628 2810 958 2886 tricesimi
978 2820 1045 2884 et
1059 2810 1349 2884 secundi
1361 2811 1555 2902 anni,
1566 2810 2125 2885 concludendum
2139 2835 2295 2884 eum
2308 2813 2703 2886 necessario

454 2937 589 3008 huc
633 2937 1033 3010 advenisse
1061 2960 1243 3009 anno
1289 2937 1502 3010 1625.
1556 2938 1749 3022 Quod
1781 2938 1839 3008 si
1870 2937 2179 3009 creditur
2211 2959 2465 3010 revera
2494 2938 2695 3011 illum

454 3061 729 3134 Gallum
762 3061 1005 3152 fuisse,
1035 3071 1101 3134 et
1128 3062 1560 3134 nominatum
1580 3061 1797 3135 fuisse
1835 3074 1910 3136 ut
1940 3062 2075 3135 dux
2109 3063 2528 3136 Rohannius
2548 3066 2701 3161 ipse

453 3187 728 3258 scribit:
761 3212 797 3257 «
814 3186 1144 3260 Prioleau
1161 3212 1199 3258 >³
1216 3187 1660 3282 cogitandum
1683 3188 2007 3261 fortassis
2033 3189 2260 3275 illum,
2280 3190 2446 3260 dum
2467 3189 2702 3262 Vene-

453 3312 567 3384 tiis
591 3322 712 3385 aut
732 3311 1008 3384 Patavii
1032 3313 1342 3405 sedebat,
1369 3314 1782 3409 proditionis
1807 3323 1876 3385 et
1897 3314 2240 3386 mendacii
2281 3314 2703 3388 lineamenta

450 3453 916 3533 praeparasse,
935 3438 1394 3511 similitudine
1413 3438 1703 3512 fortuita
1728 3440 2029 3511 nominis
2049 3464 2132 3512 cu
2142 3466 2206 3511 m
2225 3440 2703 3514 illustrissima

448 3563 633 3657 apud
662 3562 970 3643 Venetos
990 3563 1383 3637 Priolorum
1410 3564 1676 3639 familia
1703 3566 2067 3638 subnixus.
2107 3566 2290 3652 Quid
2309 3579 2545 3640 autem
2574 3590 2700 3661 per

449 3687 579 3761 hoc
605 3689 894 3783 longum
959 3691 1293 3786 temporis
1339 3691 1819 3763 intervallum·
1869 3693 2121 3784 egerit,
2167 3693 2449 3766 omnino
2496 3694 2670 3766 late*

448 3814 621 3887 Erat
659 3813 884 3885 adhuc
912 3815 1212 3902 Patavii,
1262 3839 1470 3911 quum
1500 3814 1642 3887 dux
1681 3816 2093 3888 Rohannius
2126 3827 2283 3911 post
2321 3817 2702 3913 Rupellam

449 3948 721 4034 captam
748 3948 815 4011 et
841 3962 1082 4034 pacem
1102 3940 1493 4013 Alesianam
1515 3936 1858 4014 Venetias
1896 3942 2250 4035 migravit,
2286 3942 2593 4015 Galliam
2632 3952 2703 4016 et

448 4063 852 4137 Richelium
905 4066 1150 4138 ducem
1199 4065 1505 4160 fugienS,
1541 4077 1684 4156 aut,
1753 4078 1830 4138 ut
1857 4068 2007 4162 ipse
2048 4067 2123 4138 in
2178 4068 2700 4141 commentariis

449 4192 722 4265 tradit«
768 4211 947 4288 pour
991 4189 1145 4266 oter
1190 4202 1335 4266 tout
1377 4169 1713 4287 ombrage
1769 4192 1856 4266 de
1908 4217 2021 4266 ses
2077 4195 2595 4290 deportements
2636 4203 2700 4266 ot

449 4319 655 4390 ceder
695 4328 845 4391 tout
905 4318 1319 4392 doucement
1353 4323 1396 4389 a
1425 4317 1496 4391 la
1534 4316 1860 4391 fortune²
1894 4343 1958 4390 ».
2024 4310 2147 4392 Nil
2202 4321 2455 4393 mirum
2521 4341 2607 4415 qu
2638 4320 2700 4391 vd

522 4639 538 4673 ¹
576 4635 827 4700 RhodiuS,
866 4653 914 4700 p.
950 4639 998 4687 4.

528 4726 550 4761 ²
586 4727 762 4777 Mem.
782 4726 860 4776 du
885 4728 989 4776 duc
1021 4730 1088 4778 de
1116 4726 1335 4791 Rohan,
1368 4731 1405 4775 t.
1436 4726 1577 4785 XIX,
1613 4741 1661 4789 p.
1696 4725 1778 4775 24.
1815 4724 1943 4775 Coll.
1975 4727 2182 4781 Petitot.
