3507 5683
1239 631 1436 682 VITA
1469 633 1566 683 ΕΤ
1601 634 1978 687 SCRIPTIS
2430 680 2433 683 ,
2663 637 2724 687 71

480 768 684 840 fidem
738 781 1207 858 asseverarat‚
1261 771 1332 841 in
1358 772 1629 844 irritum
1656 772 1808 868 ipso
1841 771 2024 845 facto
2079 771 2416 845 cadebant
2457 785 2725 848 secreta

478 893 698 965 Prioli
768 893 1038 966 officia:
1111 894 1350 992 itaque
1422 897 1621 969 illum
1683 920 1723 969 a
1780 899 2178 987 Mazarino,
2255 898 2595 972 seditione
2651 901 2725 971 in

476 1019 690 1091 finem
737 1031 1110 1116 vergente,
1156 1022 1557 1115 neglectum
1625 1044 1782 1095 esse
1834 1023 2114 1096 minime
2176 1023 2415 1113 mirer,
2474 1025 2727 1097 nedum

478 1156 728 1241 sponte
750 1147 1122 1221 cardinalis
1143 1158 1383 1243 partes
1420 1149 1832 1222 deseruerit.
1860 1150 1941 1220 In
1982 1173 2117 1245 quo
2146 1144 2448 1223 Cheruel
2474 1169 2730 1228 assen-

478 1269 818 1362 tiendum,
855 1273 1001 1369 qui,
1044 1284 1414 1371 postquam
1448 1297 1624 1368 erga
1659 1275 1999 1346 Lioneuni
2038 1285 2107 1346 et
2139 1275 2557 1350 Servienum
2578 1273 2727 1344 cir-

478 1394 652 1467 citer
689 1396 994 1469 medium
1031 1420 1298 1469 annum
1359 1397 1541 1470 1651
1595 1397 1938 1469 Mazarini
1986 1397 2238 1470 malam
2291 1399 2726 1472 voluntatem
2827 1392 2838 1403 ⁸

476 1522 813 1612 narravit,
863 1522 1125 1616 adjicit.
1185 1548 1221 1593 <‹
1279 1523 1380 1596 Le
1420 1522 1737 1595 cardinal
1765 1524 1929 1594 etait
1963 1521 2144 1595 dela
2187 1547 2349 1596 race
2384 1525 2720 1618 des'gou-

472 1656 809 1719 vernants
847 1648 965 1743 qui
1019 1657 1311 1740 pensent
1363 1671 1496 1743 que
1545 1646 1902 1742 lorsqu’on
1955 1671 1995 1719 a
2055 1651 2221 1720 suce.
2258 1647 2582 1744 l'orange
2620 1673 2710 1721 on

471 1780 635 1867 peut
673 1772 740 1843 la
767 1770 1017 1867 jeter¹.
1064 1797 1101 1843 »
1152 1773 1695 1869 Conjectandum
1746 1797 2018 1868 quoque
2057 1783 2161 1846 est
2209 1774 2634 1847 cardinalem
2682 1801 2723 1848 a

469 1896 710 1969 Priolo
754 1899 874 1993 qui
928 1922 1148 1994 usque
1196 1898 1284 1970 ad
1335 1921 1741 1993 supremum
1793 1898 1961 1970 vitae
2025 1899 2236 1971 finem
2289 1921 2435 1971 aere
2482 1898 2713 1972 alieno

471 2019 839 2110 laboravit,
882 2021 983 2094 ita
1027 2022 1443 2117 importunis
1495 2022 1947 2116 petitionibus
2002 2045 2155 2094 esse
2202 2006 2595 2115 obsessum,
2640 2034 2715 2096 ut

471 2155 789 2218 nostrum
837 2145 1190 2215 hominem
1239 2145 1327 2216 ab
1379 2145 1538 2217 aula
1567 2146 1858 2239 exigere
1905 2145 2233 2236 voluerit,
2310 2169 2517 2241 quum
2567 2149 2721 2241 ipse

466 2271 838 2368 plusquam
889 2271 1213 2364 pecuniae
1264 2293 1413 2341 suae
1465 2292 1715 2365 parcus
1752 2272 1918 2366 jure
1984 2270 2369 2359 videretur,
2435 2272 2715 2344 Priolus

466 2406 696 2470 autem
717 2396 791 2466 in
817 2394 1227 2490 postulando
1247 2395 1336 2466 ad
1356 2394 1858 2489 impudentiam
1878 2393 2242 2483 facillime,
2269 2405 2344 2466 ut
2365 2395 2714 2469 videbitur

465 2523 672 2612 ultra,
703 2520 1147 2593 delaberetur
1184 2516 1235 2590 ².
1289 2520 1651 2592 Habemus
1682 2522 1912 2608 etiam,
1956 2530 2031 2592 ut
2059 2521 2154 2591 ita
2184 2520 2438 2609 dicam,
2482 2524 2713 2593 confi—

465 2655 727 2719 tentem
761 2669 982 2734 reum‚
1022 2670 1151 2741 pro
1187 2646 1331 2718 suis
1369 2646 1632 2719 laribus
1670 2668 1949 2718 causam
1976 2650 2341 2738 agentem,
2384 2645 2458 2715 in
2492 2646 2714 2740 primo

463 2770 775 2845 historiae
791 2771 974 2845 libro
1005 2794 1137 2865 quo
1168 2770 1536 2860 exclamat,
1572 2794 1712 2844 non
1744 2771 1895 2844 sine
1922 2769 2388 2843 amaritudine
2418 2771 2711 2866 quadam

463 2907 533 2970 et
566 2898 869 2993 repulsae
898 2923 1036 2970 non
1067 2897 1286 2970 semel
1322 2908 1623 2993 acceptae
1673 2896 2004 3000 memoria
2044 2894 2321 2966 Priolus
2356 2921 2372 2966 ε
2414 2920 2450 2965 «
2486 2897 2711 2991 Hujus

464 3022 902 3121 (cardinalis)
951 3023 1023 3094 in
1080 3022 1402 3094 donando
1462 3022 1918 3094 damnabatur
1963 3019 2296 3093 lentitudo
2339 3019 2390 3090 3.
2440 3046 2477 3090 »
2534 3023 2708 3108 Quae

462 3173 671 3245 quum
711 3148 807 3222 ita
865 3147 1005 3220 sint
1039 3157 1308 3222 constat
1348 3172 1433 3221 ex
1472 3148 1690 3242 ipsius
1719 3146 1933 3218 Prioli
1980 3145 2270 3239 epistola
2331 3146 2706 3220 cardinalis

459 3274 792 3348 offensam
822 3297 979 3345 eum
1001 3296 1126 3368 per
1143 3272 1516 3345 nonnullos
1547 3296 1769 3343 annos
1807 3270 2098 3343 subiisse
2123 3294 2138 3338 t
2165 3270 2317 3340 haec
2335 3279 2495 3342 sunt
2517 3272 2704 3342 enim

459 3421 617 3494 quae
656 3397 745 3470 ad
798 3398 1237 3470 Mazarinum
1264 3420 1446 3469 anno
1479 3397 1668 3469 1656
1688 3396 2077 3467 scribebat:

1610 3705 1658 3755 A
1689 3702 1865 3765 PariS‚
1907 3717 1966 3754 ce
1996 3700 2063 3754 12
2091 3701 2210 3770 juin
2254 3699 2409 3754 1656.

558 3868 595 3912 «
617 3807 1124 3934 Monseigneur
1134 3895 1151 3929 ,
1175 3837 1313 3912 J'ai
1333 3842 1472 3933 touj
1482 3862 1649 3910 ours
1661 3838 1861 3909 tache
1873 3837 1959 3907 de
1974 3837 2247 3908 donner*
2263 3835 2386 3906 des
2398 3859 2697 3929 preuves

457 3966 543 4038 de
572 3990 684 4039 ma
703 3965 967 4038 fidelite
991 3966 1032 4037 a
1060 3965 1149 4036 V.
1179 3966 1264 4036 E.
1301 3966 1409 4037 On
1432 3964 1570 4034 111’a
1597 3963 1907 4057 toujours
1944 3960 2159 4032 noirci
2189 3961 2442 4054 aupres
2464 3958 2689 4050 d’elle,

455 4093 716 4165 devant
765 4090 1087 4186 laquelle}
1095 4091 1171 4185 je
1213 4087 1349 4160 n’ai
1388 4086 1646 4184 jamais
1687 4071 1781 4181 pu
1828 4110 1938 4158 me
1971 4090 2337 4182 presenter
2375 4108 2552 4179 pour
2584 4108 2696 4157 me

451 4215 777 4312 justifier.
805 4217 892 4288 Je
919 4236 1031 4286 me
1053 4215 1228 4309 jette
1280 4212 1320 4284 a
1354 4236 1465 4285 ses
1518 4211 1714 4307 pieds
1771 4235 1898 4306 par
1947 4218 2126 4283 cette
2159 4209 2394 4298 lettre,
2432 4197 2607 4303 pour
2627 4209 2691 4280 la

517 4464 535 4497 ¹
572 4461 817 4521 chemel,
849 4463 1003 4511 Hist.
1028 4462 1094 4509 cle
1123 4462 1178 4507 la
1207 4458 1487 4508 minorite'
1506 4460 1574 4507 de
1599 4454 1770 4505 Louis
1800 4454 1958 4517 XIV,
1995 4469 2072 4514 w,
2105 4453 2185 4505 ch.
2213 4469 2289 4513 iv,
2321 4469 2372 4517 p.
2408 4452 2520 4501 376.

507 4542 531 4578 ‘2
565 4541 640 4592 Cf.
683 4540 780 4590 Les
807 4542 1020 4591 Lettres
1048 4538 1286 4589 ine'dites
1313 4538 1378 4588 de
1427 4537 1635 4595 Priol0‚
1681 4534 1907 4601 publices
1948 4550 2039 4598 par
2071 4535 2313 4596 Tamizey
2344 4532 2406 4580 de
2437 4532 2694 4608 Lai-oque,

450 4624 642 4682 Toum,
679 4620 816 4671 1877.

511 4703 536 4738 3
567 4699 792 4758 Primus,
830 4715 867 4758 1,
904 4714 951 4763 p.
988 4698 1065 4749 40.
