<?xml version="1.0" encoding="UTF-8"?>
<!DOCTYPE html PUBLIC "-//W3C//DTD XHTML 1.0 Transitional//EN"
    "http://www.w3.org/TR/xhtml1/DTD/xhtml1-transitional.dtd">
<html xmlns="http://www.w3.org/1999/xhtml" xml:lang="en" lang="en">
 <head>
  <title>
</title>
<meta http-equiv="Content-Type" content="text/html;charset=utf-8" />
  <meta name='ocr-system' content='tesseract 3.04.00' />
  <meta name='ocr-capabilities' content='ocr_page ocr_carea ocr_par ocr_line ocrx_word'/>
</head>
<body>
  <div class='ocr_page' id='page_1' title='image "./debenjaminiprio00normgoog_0118.png"; bbox 0 0 3507 5683; ppageno 0'>
   <div class='ocr_carea' id='block_1_1' title="bbox 751 690 2310 743">
    <p class='ocr_par' dir='ltr' id='par_1_1' title="bbox 751 690 2310 743">
     <span class='ocr_line' id='line_1_1' title="bbox 751 690 2310 743; baseline 0 -1"><span class='ocrx_word' id='word_1_1' title='bbox 751 690 844 742; x_wconf 80' lang='lat'>112</span> <span class='ocrx_word' id='word_1_2' title='bbox 1424 691 1524 741; x_wconf 89' lang='lat' dir='ltr'>DE</span> <span class='ocrx_word' id='word_1_3' title='bbox 1552 690 1998 742; x_wconf 80' lang='lat' dir='ltr'><strong>BENJAMINI</strong></span> <span class='ocrx_word' id='word_1_4' title='bbox 2031 692 2310 743; x_wconf 80' lang='lat' dir='ltr'>PRIOLI</span> 
     </span>
    </p>
   </div>
   <div class='ocr_carea' id='block_1_2' title="bbox 696 825 3003 4178">
    <p class='ocr_par' dir='ltr' id='par_1_2' title="bbox 696 825 3003 4178">
     <span class='ocr_line' id='line_1_2' title="bbox 696 825 2987 923; baseline -0 -23"><span class='ocrx_word' id='word_1_5' title='bbox 696 907 699 916; x_wconf 48' lang='lat'>.</span> <span class='ocrx_word' id='word_1_6' title='bbox 749 827 940 901; x_wconf 86' lang='lat' dir='ltr'>dedit</span> <span class='ocrx_word' id='word_1_7' title='bbox 964 825 1016 898; x_wconf 84' lang='lat'>¹.</span> <span class='ocrx_word' id='word_1_8' title='bbox 1058 851 1092 894; x_wconf 71' lang='lat'>&gt;³</span> <span class='ocrx_word' id='word_1_9' title='bbox 1126 830 1348 913; x_wconf 89' lang='lat' dir='ltr'>Quam</span> <span class='ocrx_word' id='word_1_10' title='bbox 1385 826 1685 900; x_wconf 82' lang='lat' dir='ltr'>absurde</span> <span class='ocrx_word' id='word_1_11' title='bbox 1723 827 1855 900; x_wconf 89' lang='lat' dir='ltr'>sibi</span> <span class='ocrx_word' id='word_1_12' title='bbox 1903 828 2036 923; x_wconf 91' lang='lat' dir='ltr'>ipsi</span> <span class='ocrx_word' id='word_1_13' title='bbox 2067 830 2139 900; x_wconf 90' lang='lat' dir='ltr'>in</span> <span class='ocrx_word' id='word_1_14' title='bbox 2173 829 2307 900; x_wconf 90' lang='lat' dir='ltr'>hoc</span> <span class='ocrx_word' id='word_1_15' title='bbox 2351 827 2635 900; x_wconf 87' lang='lat' dir='ltr'>Priolus</span> <span class='ocrx_word' id='word_1_16' title='bbox 2689 835 2987 899; x_wconf 90' lang='lat' dir='ltr'>contra-</span> 
     </span>
     <span class='ocr_line' id='line_1_3' title="bbox 750 948 2989 1047; baseline -0 -24"><span class='ocrx_word' id='word_1_17' title='bbox 750 952 1027 1041; x_wconf 83' lang='lat' dir='ltr'><strong>dixerit,</strong></span> <span class='ocrx_word' id='word_1_18' title='bbox 1059 948 1427 1022; x_wconf 87' lang='lat' dir='ltr'>manifeste</span> <span class='ocrx_word' id='word_1_19' title='bbox 1457 959 1688 1045; x_wconf 87' lang='lat' dir='ltr'>patet:</span> <span class='ocrx_word' id='word_1_20' title='bbox 1724 951 1909 1047; x_wconf 90' lang='lat' dir='ltr'>quod</span> <span class='ocrx_word' id='word_1_21' title='bbox 1936 951 2211 1047; x_wconf 90' lang='lat' dir='ltr'>quidem</span> <span class='ocrx_word' id='word_1_22' title='bbox 2235 951 2437 1023; x_wconf 88' lang='lat' dir='ltr'>Saint</span> <span class='ocrx_word' id='word_1_23' title='bbox 2458 951 2725 1023; x_wconf 83' lang='lat' dir='ltr'>-Simon</span> <span class='ocrx_word' id='word_1_24' title='bbox 2753 951 2942 1022; x_wconf 87' lang='lat' dir='ltr'>inter</span> <span class='ocrx_word' id='word_1_25' title='bbox 2963 993 2989 1004; x_wconf 83' lang='lat'>-</span> 
     </span>
     <span class='ocr_line' id='line_1_4' title="bbox 748 1075 2992 1172; baseline 0 -26"><span class='ocrx_word' id='word_1_26' title='bbox 748 1076 1006 1172; x_wconf 89' lang='lat' dir='ltr'>pretari</span> <span class='ocrx_word' id='word_1_27' title='bbox 1036 1085 1318 1148; x_wconf 89' lang='lat' dir='ltr'>conatus</span> <span class='ocrx_word' id='word_1_28' title='bbox 1353 1084 1492 1147; x_wconf 84' lang='lat' dir='ltr'>est:</span> <span class='ocrx_word' id='word_1_29' title='bbox 1526 1075 1613 1147; x_wconf 91' lang='lat' dir='ltr'>de</span> <span class='ocrx_word' id='word_1_30' title='bbox 1641 1075 1878 1148; x_wconf 89' lang='lat' dir='ltr'>Priolo</span> <span class='ocrx_word' id='word_1_31' title='bbox 1904 1077 2096 1147; x_wconf 93' lang='lat' dir='ltr'>enim</span> <span class='ocrx_word' id='word_1_32' title='bbox 2123 1085 2192 1149; x_wconf 89' lang='lat' dir='ltr'>et</span> <span class='ocrx_word' id='word_1_33' title='bbox 2211 1076 2430 1148; x_wconf 90' lang='lat' dir='ltr'>Prioli</span> <span class='ocrx_word' id='word_1_34' title='bbox 2454 1076 2858 1148; x_wconf 80' lang='lat' dir='ltr'>narratione</span> <span class='ocrx_word' id='word_1_35' title='bbox 2888 1076 2992 1147; x_wconf 92' lang='lat' dir='ltr'>sic</span> 
     </span>
     <span class='ocr_line' id='line_1_5' title="bbox 748 1199 2993 1297; baseline 0 -25"><span class='ocrx_word' id='word_1_36' title='bbox 748 1200 969 1274; x_wconf 83' lang='lat' dir='ltr'>refert</span> <span class='ocrx_word' id='word_1_37' title='bbox 1003 1227 1019 1272; x_wconf 89' lang='lat'>:</span> <span class='ocrx_word' id='word_1_38' title='bbox 1086 1226 1122 1272; x_wconf 87' lang='lat'>&lt;‹</span> <span class='ocrx_word' id='word_1_39' title='bbox 1164 1203 1358 1274; x_wconf 90' lang='lat' dir='ltr'>Dans</span> <span class='ocrx_word' id='word_1_40' title='bbox 1405 1199 1510 1273; x_wconf 92' lang='lat' dir='ltr'>les</span> <span class='ocrx_word' id='word_1_41' title='bbox 1543 1203 1931 1296; x_wconf 79' lang='lat' dir='ltr'>premieres</span> <span class='ocrx_word' id='word_1_42' title='bbox 1968 1224 2187 1296; x_wconf 91' lang='lat' dir='ltr'>pages</span> <span class='ocrx_word' id='word_1_43' title='bbox 2216 1203 2304 1274; x_wconf 91' lang='lat' dir='ltr'>de</span> <span class='ocrx_word' id='word_1_44' title='bbox 2340 1226 2469 1274; x_wconf 92' lang='lat' dir='ltr'>son</span> <span class='ocrx_word' id='word_1_45' title='bbox 2499 1202 2793 1273; x_wconf 86' lang='lat' dir='ltr'>histoire</span> <span class='ocrx_word' id='word_1_46' title='bbox 2822 1201 2993 1297; x_wconf 90' lang='lat' dir='ltr'>qu’il</span> 
     </span>
     <span class='ocr_line' id='line_1_6' title="bbox 750 1326 2994 1423; baseline -0 -24"><span class='ocrx_word' id='word_1_47' title='bbox 750 1351 1146 1400; x_wconf 90' lang='lat' dir='ltr'>commence</span> <span class='ocrx_word' id='word_1_48' title='bbox 1172 1327 1215 1400; x_wconf 78' lang='lat' dir='ltr'>a</span> <span class='ocrx_word' id='word_1_49' title='bbox 1246 1328 1308 1398; x_wconf 80' lang='lat' dir='ltr'>la</span> <span class='ocrx_word' id='word_1_50' title='bbox 1346 1338 1529 1400; x_wconf 89' lang='lat' dir='ltr'>mort</span> <span class='ocrx_word' id='word_1_51' title='bbox 1547 1328 1636 1399; x_wconf 87' lang='lat' dir='ltr'>de</span> <span class='ocrx_word' id='word_1_52' title='bbox 1657 1328 1876 1399; x_wconf 91' lang='lat' dir='ltr'>Louis</span> <span class='ocrx_word' id='word_1_53' title='bbox 1897 1327 2091 1416; x_wconf 87' lang='lat' dir='ltr'>XIII,</span> <span class='ocrx_word' id='word_1_54' title='bbox 2128 1338 2199 1400; x_wconf 93' lang='lat' dir='ltr'>et</span> <span class='ocrx_word' id='word_1_55' title='bbox 2242 1326 2411 1423; x_wconf 91' lang='lat' dir='ltr'>qu’il</span> <span class='ocrx_word' id='word_1_56' title='bbox 2452 1326 2673 1398; x_wconf 79' lang='lat' dir='ltr'>decrit</span> <span class='ocrx_word' id='word_1_57' title='bbox 2708 1333 2994 1398; x_wconf 88' lang='lat' dir='ltr'>courte-</span> 
     </span>
     <span class='ocr_line' id='line_1_7' title="bbox 748 1448 2993 1547; baseline -0.002 -23"><span class='ocrx_word' id='word_1_58' title='bbox 748 1462 966 1544; x_wconf 87' lang='lat' dir='ltr'>ment,</span> <span class='ocrx_word' id='word_1_59' title='bbox 1010 1452 1185 1525; x_wconf 92' lang='lat' dir='ltr'>mais</span> <span class='ocrx_word' id='word_1_60' title='bbox 1228 1475 1397 1525; x_wconf 91' lang='lat' dir='ltr'>avec</span> <span class='ocrx_word' id='word_1_61' title='bbox 1443 1452 1566 1523; x_wconf 92' lang='lat' dir='ltr'>des</span> <span class='ocrx_word' id='word_1_62' title='bbox 1595 1453 1803 1526; x_wconf 89' lang='lat' dir='ltr'>traits</span> <span class='ocrx_word' id='word_1_63' title='bbox 1838 1451 2265 1525; x_wconf 90' lang='lat' dir='ltr'>admirables</span> <span class='ocrx_word' id='word_1_64' title='bbox 2303 1476 2477 1547; x_wconf 91' lang='lat' dir='ltr'>pour</span> <span class='ocrx_word' id='word_1_65' title='bbox 2510 1474 2590 1523; x_wconf 92' lang='lat' dir='ltr'>ce</span> <span class='ocrx_word' id='word_1_66' title='bbox 2632 1451 2896 1545; x_wconf 83' lang='lat' dir='ltr'>prince,</span> <span class='ocrx_word' id='word_1_67' title='bbox 2935 1448 2993 1520; x_wconf 93' lang='lat' dir='ltr'>il</span> 
     </span>
     <span class='ocr_line' id='line_1_8' title="bbox 749 1575 2989 1674; baseline -0.002 -25"><span class='ocrx_word' id='word_1_68' title='bbox 749 1586 1078 1673; x_wconf 90' lang='lat' dir='ltr'>rapporte</span> <span class='ocrx_word' id='word_1_69' title='bbox 1107 1601 1204 1649; x_wconf 92' lang='lat' dir='ltr'>un</span> <span class='ocrx_word' id='word_1_70' title='bbox 1231 1576 1359 1650; x_wconf 88' lang='lat' dir='ltr'>fait</span> <span class='ocrx_word' id='word_1_71' title='bbox 1398 1577 1894 1664; x_wconf 87' lang='lat' dir='ltr'>merveilleux‚</span> <span class='ocrx_word' id='word_1_72' title='bbox 1957 1588 2025 1650; x_wconf 93' lang='lat' dir='ltr'>et</span> <span class='ocrx_word' id='word_1_73' title='bbox 2087 1577 2254 1674; x_wconf 88' lang='lat' dir='ltr'>qu’il</span> <span class='ocrx_word' id='word_1_74' title='bbox 2296 1577 2465 1650; x_wconf 79' lang='lat' dir='ltr'>etait</span> <span class='ocrx_word' id='word_1_75' title='bbox 2518 1600 2604 1648; x_wconf 91' lang='lat' dir='ltr'>en</span> <span class='ocrx_word' id='word_1_76' title='bbox 2656 1575 2989 1648; x_wconf 87' lang='lat' dir='ltr'>situation</span> 
     </span>
     <span class='ocr_line' id='line_1_9' title="bbox 749 1701 2991 1799; baseline -0.002 -23"><span class='ocrx_word' id='word_1_77' title='bbox 749 1705 1012 1776; x_wconf 85' lang='lat' dir='ltr'>d’avoir</span> <span class='ocrx_word' id='word_1_78' title='bbox 1037 1705 1274 1799; x_wconf 90' lang='lat' dir='ltr'>appris</span> <span class='ocrx_word' id='word_1_79' title='bbox 1326 1704 1854 1798; x_wconf 89' lang='lat' dir='ltr'>sur-le-champ</span> <span class='ocrx_word' id='word_1_80' title='bbox 1896 1703 1983 1775; x_wconf 91' lang='lat' dir='ltr'>de</span> <span class='ocrx_word' id='word_1_81' title='bbox 2014 1704 2118 1776; x_wconf 91' lang='lat' dir='ltr'>M.</span> <span class='ocrx_word' id='word_1_82' title='bbox 2152 1701 2222 1775; x_wconf 93' lang='lat' dir='ltr'>le</span> <span class='ocrx_word' id='word_1_83' title='bbox 2250 1703 2493 1798; x_wconf 88' lang='lat' dir='ltr'>prince</span> <span class='ocrx_word' id='word_1_84' title='bbox 2525 1702 2893 1774; x_wconf 77' lang='lat' dir='ltr'>lui-meme</span> <span class='ocrx_word' id='word_1_85' title='bbox 2923 1711 2991 1772; x_wconf 93' lang='lat' dir='ltr'>et</span> 
     </span>
     <span class='ocr_line' id='line_1_10' title="bbox 750 1826 2994 1924; baseline -0.003 -22"><span class='ocrx_word' id='word_1_86' title='bbox 750 1831 838 1902; x_wconf 91' lang='lat' dir='ltr'>de</span> <span class='ocrx_word' id='word_1_87' title='bbox 861 1829 965 1901; x_wconf 89' lang='grc' dir='ltr'>Μ.</span> <span class='ocrx_word' id='word_1_88' title='bbox 991 1828 1078 1901; x_wconf 93' lang='lat' dir='ltr'>de</span> <span class='ocrx_word' id='word_1_89' title='bbox 1107 1828 1599 1922; x_wconf 78' lang='lat' dir='ltr'>Longaeville.</span> <span class='ocrx_word' id='word_1_90' title='bbox 1627 1828 1923 1900; x_wconf 86' lang='lat' dir='ltr'>Parlant</span> <span class='ocrx_word' id='word_1_91' title='bbox 1963 1830 2058 1900; x_wconf 91' lang='lat' dir='ltr'>du</span> <span class='ocrx_word' id='word_1_92' title='bbox 2120 1829 2222 1900; x_wconf 91' lang='lat' dir='ltr'>roi</span> <span class='ocrx_word' id='word_1_93' title='bbox 2263 1829 2380 1924; x_wconf 90' lang='lat' dir='ltr'>qui</span> <span class='ocrx_word' id='word_1_94' title='bbox 2422 1837 2705 1900; x_wconf 90' lang='lat' dir='ltr'>mourut</span> <span class='ocrx_word' id='word_1_95' title='bbox 2733 1826 2801 1898; x_wconf 93' lang='lat' dir='ltr'>le</span> <span class='ocrx_word' id='word_1_96' title='bbox 2832 1826 2994 1897; x_wconf 77' lang='lat' dir='ltr'>len—</span> 
     </span>
     <span class='ocr_line' id='line_1_11' title="bbox 749 1929 2993 2052; baseline -0.002 -27"><span class='ocrx_word' id='word_1_97' title='bbox 749 1954 1052 2043; x_wconf 81' lang='lat' dir='ltr'>demain,</span> <span class='ocrx_word' id='word_1_98' title='bbox 1122 1953 1500 2026; x_wconf 81' lang='lat' dir='ltr'>condaeum</span> <span class='ocrx_word' id='word_1_99' title='bbox 1543 1929 1860 2046; x_wconf 58' lang='lat' dir='ltr'>intuens,</span> <span class='ocrx_word' id='word_1_100' title='bbox 1928 1953 2128 2025; x_wconf 75' lang='lat' dir='ltr'>cut-11</span> <span class='ocrx_word' id='word_1_101' title='bbox 2189 1951 2273 2052; x_wconf 88' lang='lat'>(1.</span> <span class='ocrx_word' id='word_1_102' title='bbox 2320 1954 2426 2045; x_wconf 64' lang='lat' dir='ltr'>rr,</span> <span class='ocrx_word' id='word_1_103' title='bbox 2466 1977 2536 2047; x_wconf 88' lang='lat' dir='ltr'>p.</span> <span class='ocrx_word' id='word_1_104' title='bbox 2601 1949 2752 2049; x_wconf 88' lang='lat'><strong>17),</strong></span> <span class='ocrx_word' id='word_1_105' title='bbox 2808 1951 2993 2022; x_wconf 83' lang='lat' dir='ltr'>filius</span> 
     </span>
     <span class='ocr_line' id='line_1_12' title="bbox 752 2078 2994 2177; baseline -0.003 -23"><span class='ocrx_word' id='word_1_106' title='bbox 752 2091 936 2171; x_wconf 80' lang='lat' dir='ltr'>tuuS,</span> <span class='ocrx_word' id='word_1_107' title='bbox 978 2081 1229 2177; x_wconf 87' lang='lat' dir='ltr'>inquit,</span> <span class='ocrx_word' id='word_1_108' title='bbox 1260 2080 1612 2174; x_wconf 84' lang='lat' dir='ltr'>insignem</span> <span class='ocrx_word' id='word_1_109' title='bbox 1642 2080 2011 2151; x_wconf 86' lang='lat' dir='ltr'>victoriam</span> <span class='ocrx_word' id='word_1_110' title='bbox 2052 2081 2439 2173; x_wconf 86' lang='lat' dir='ltr'>reportavit</span> <span class='ocrx_word' id='word_1_111' title='bbox 2483 2103 2501 2168; x_wconf 86' lang='lat'><em>3</em></span> <span class='ocrx_word' id='word_1_112' title='bbox 2569 2100 2835 2149; x_wconf 88' lang='lat' dir='ltr'>comme</span> <span class='ocrx_word' id='word_1_113' title='bbox 2885 2078 2994 2149; x_wconf 92' lang='lat' dir='ltr'>les</span> 
     </span>
     <span class='ocr_line' id='line_1_13' title="bbox 753 2203 2989 2302; baseline -0.001 -26"><span class='ocrx_word' id='word_1_114' title='bbox 753 2206 1126 2302; x_wconf 83' lang='lat' dir='ltr'>prophetes</span> <span class='ocrx_word' id='word_1_115' title='bbox 1184 2230 1260 2278; x_wconf 88' lang='lat' dir='ltr'>ce</span> <span class='ocrx_word' id='word_1_116' title='bbox 1340 2207 1454 2300; x_wconf 91' lang='lat' dir='ltr'>qui</span> <span class='ocrx_word' id='word_1_117' title='bbox 1513 2230 1600 2278; x_wconf 88' lang='lat' dir='ltr'>va</span> <span class='ocrx_word' id='word_1_118' title='bbox 1614 2206 1903 2278; x_wconf 81' lang='lat' dir='ltr'>arriver</span> <span class='ocrx_word' id='word_1_119' title='bbox 1949 2227 2214 2277; x_wconf 90' lang='lat' dir='ltr'>comme</span> <span class='ocrx_word' id='word_1_120' title='bbox 2253 2203 2410 2298; x_wconf 75' lang='lat' dir='ltr'>deja</span> <span class='ocrx_word' id='word_1_121' title='bbox 2438 2208 2728 2297; x_wconf 82' lang='lat' dir='ltr'>passe.»</span> <span class='ocrx_word' id='word_1_122' title='bbox 2787 2203 2989 2292; x_wconf 83' lang='lat' dir='ltr'>Haec,</span> 
     </span>
     <span class='ocr_line' id='line_1_14' title="bbox 753 2330 2991 2426; baseline -0.002 -22"><span class='ocrx_word' id='word_1_123' title='bbox 753 2333 978 2405; x_wconf 89' lang='lat' dir='ltr'>fateor</span> <span class='ocrx_word' id='word_1_124' title='bbox 986 2332 1491 2423; x_wconf 76' lang='lat' dir='ltr'>,subtilissimat</span> <span class='ocrx_word' id='word_1_125' title='bbox 1509 2354 1595 2403; x_wconf 88' lang='lat' dir='ltr'>an</span> <span class='ocrx_word' id='word_1_126' title='bbox 1610 2340 1843 2404; x_wconf 85' lang='lat' dir='ltr'>autem</span> <span class='ocrx_word' id='word_1_127' title='bbox 1861 2330 2991 2426; x_wconf 86' lang='lat' dir='ltr'>adveritatemappropinquarint,</span> 
     </span>
     <span class='ocr_line' id='line_1_15' title="bbox 753 2456 2983 2551; baseline -0.002 -23"><span class='ocrx_word' id='word_1_128' title='bbox 753 2458 1063 2529; x_wconf 91' lang='lat' dir='ltr'>dubium.</span> <span class='ocrx_word' id='word_1_129' title='bbox 1088 2456 1335 2528; x_wconf 89' lang='lat' dir='ltr'>Malim</span> <span class='ocrx_word' id='word_1_130' title='bbox 1357 2479 1487 2550; x_wconf 90' lang='lat' dir='ltr'>ego</span> <span class='ocrx_word' id='word_1_131' title='bbox 1516 2457 1710 2528; x_wconf 92' lang='lat' dir='ltr'>aliud</span> <span class='ocrx_word' id='word_1_132' title='bbox 1729 2458 2152 2551; x_wconf 83' lang='lat' dir='ltr'>conjectare,</span> <span class='ocrx_word' id='word_1_133' title='bbox 2175 2464 2553 2549; x_wconf 83' lang='lat' dir='ltr'>rogaturus</span> <span class='ocrx_word' id='word_1_134' title='bbox 2576 2465 2814 2525; x_wconf 91' lang='lat' dir='ltr'>utrum</span> <span class='ocrx_word' id='word_1_135' title='bbox 2825 2477 2983 2525; x_wconf 89' lang='lat' dir='ltr'>ver-</span> 
     </span>
     <span class='ocr_line' id='line_1_16' title="bbox 751 2579 2995 2676; baseline -0.001 -26"><span class='ocrx_word' id='word_1_136' title='bbox 751 2580 916 2653; x_wconf 89' lang='lat' dir='ltr'>bum</span> <span class='ocrx_word' id='word_1_137' title='bbox 937 2607 975 2651; x_wconf 85' lang='grc'>«</span> <span class='ocrx_word' id='word_1_138' title='bbox 1002 2582 1440 2675; x_wconf 83' lang='lat' dir='ltr'>reportavit»</span> <span class='ocrx_word' id='word_1_139' title='bbox 1457 2580 1675 2653; x_wconf 92' lang='lat' dir='ltr'>Prioli</span> <span class='ocrx_word' id='word_1_140' title='bbox 1694 2602 1783 2652; x_wconf 91' lang='lat' dir='ltr'>an</span> <span class='ocrx_word' id='word_1_141' title='bbox 1814 2581 2241 2676; x_wconf 86' lang='lat' dir='ltr'>typographi</span> <span class='ocrx_word' id='word_1_142' title='bbox 2257 2590 2610 2675; x_wconf 85' lang='lat' dir='ltr'>peccatum</span> <span class='ocrx_word' id='word_1_143' title='bbox 2629 2579 2995 2651; x_wconf 83' lang='lat' dir='ltr'>sithaben-</span> 
     </span>
     <span class='ocr_line' id='line_1_17' title="bbox 754 2702 2994 2801; baseline -0.001 -24"><span class='ocrx_word' id='word_1_144' title='bbox 754 2707 944 2777; x_wconf 89' lang='lat' dir='ltr'>dum.</span> <span class='ocrx_word' id='word_1_145' title='bbox 974 2708 1194 2777; x_wconf 89' lang='lat' dir='ltr'>Porro</span> <span class='ocrx_word' id='word_1_146' title='bbox 1221 2706 1416 2799; x_wconf 90' lang='lat' dir='ltr'>legas</span> <span class='ocrx_word' id='word_1_147' title='bbox 1427 2760 1445 2795; x_wconf 85' lang='lat'>‚</span> <span class='ocrx_word' id='word_1_148' title='bbox 1475 2730 1600 2801; x_wconf 92' lang='lat' dir='ltr'>pro</span> <span class='ocrx_word' id='word_1_149' title='bbox 1637 2731 1676 2776; x_wconf 84' lang='grc'>((</span> <span class='ocrx_word' id='word_1_150' title='bbox 1707 2706 2096 2800; x_wconf 86' lang='lat' dir='ltr'>reportavit</span> <span class='ocrx_word' id='word_1_151' title='bbox 2125 2730 2160 2774; x_wconf 83' lang='grc'>))</span> <span class='ocrx_word' id='word_1_152' title='bbox 2190 2704 2380 2777; x_wconf 92' lang='lat' dir='ltr'>aliud</span> <span class='ocrx_word' id='word_1_153' title='bbox 2402 2704 2818 2778; x_wconf 88' lang='lat' dir='ltr'>vocabulum</span> <span class='ocrx_word' id='word_1_154' title='bbox 2843 2702 2994 2776; x_wconf 87' lang='lat' dir='ltr'>fere</span> 
     </span>
     <span class='ocr_line' id='line_1_18' title="bbox 756 2830 2998 2926; baseline -0.002 -21"><span class='ocrx_word' id='word_1_155' title='bbox 756 2831 982 2905; x_wconf 89' lang='lat' dir='ltr'>simile</span> <span class='ocrx_word' id='word_1_156' title='bbox 1016 2831 1519 2926; x_wconf 84' lang='lat' dir='ltr'>«reportabit»</span> <span class='ocrx_word' id='word_1_157' title='bbox 1556 2839 1624 2903; x_wconf 89' lang='lat' dir='ltr'>et</span> <span class='ocrx_word' id='word_1_158' title='bbox 1651 2830 1815 2903; x_wconf 86' lang='lat' dir='ltr'>inde</span> <span class='ocrx_word' id='word_1_159' title='bbox 1838 2830 2005 2903; x_wconf 89' lang='lat' dir='ltr'>fient</span> <span class='ocrx_word' id='word_1_160' title='bbox 2027 2831 2257 2903; x_wconf 89' lang='lat' dir='ltr'>omnia</span> <span class='ocrx_word' id='word_1_161' title='bbox 2281 2830 2604 2902; x_wconf 87' lang='lat' dir='ltr'>clariora.</span> <span class='ocrx_word' id='word_1_162' title='bbox 2641 2830 2998 2901; x_wconf 74' lang='lat' dir='ltr'>Assense-</span> 
     </span>
     <span class='ocr_line' id='line_1_19' title="bbox 756 2953 2998 3051; baseline 0 -22"><span class='ocrx_word' id='word_1_163' title='bbox 756 2959 889 3030; x_wconf 92' lang='lat' dir='ltr'>rim</span> <span class='ocrx_word' id='word_1_164' title='bbox 908 2957 1136 3051; x_wconf 89' lang='lat' dir='ltr'>potius</span> <span class='ocrx_word' id='word_1_165' title='bbox 1155 2956 1292 3027; x_wconf 90' lang='lat' dir='ltr'>alio</span> <span class='ocrx_word' id='word_1_166' title='bbox 1322 2957 1395 3026; x_wconf 90' lang='lat' dir='ltr'>in</span> <span class='ocrx_word' id='word_1_167' title='bbox 1424 2956 1574 3027; x_wconf 93' lang='lat' dir='ltr'>loco</span> <span class='ocrx_word' id='word_1_168' title='bbox 1601 2954 1964 3043; x_wconf 89' lang='lat' dir='ltr'>Alberico‚</span> <span class='ocrx_word' id='word_1_169' title='bbox 1982 2955 2070 3027; x_wconf 89' lang='lat' dir='ltr'>ob</span> <span class='ocrx_word' id='word_1_170' title='bbox 2092 2956 2312 3028; x_wconf 88' lang='lat' dir='ltr'>relata</span> <span class='ocrx_word' id='word_1_171' title='bbox 2332 2978 2371 3027; x_wconf 92' lang='lat' dir='ltr'>a</span> <span class='ocrx_word' id='word_1_172' title='bbox 2399 2954 2644 3027; x_wconf 91' lang='lat' dir='ltr'>Priolo</span> <span class='ocrx_word' id='word_1_173' title='bbox 2663 2953 2750 3028; x_wconf 90' lang='lat' dir='ltr'>de</span> <span class='ocrx_word' id='word_1_174' title='bbox 2778 2954 2998 3029; x_wconf 90' lang='lat' dir='ltr'>Paulo</span> 
     </span>
     <span class='ocr_line' id='line_1_20' title="bbox 757 3079 2993 3177; baseline -0.003 -19"><span class='ocrx_word' id='word_1_175' title='bbox 757 3083 1026 3158; x_wconf 85' lang='lat' dir='ltr'>Gondio</span> <span class='ocrx_word' id='word_1_176' title='bbox 1045 3082 1142 3154; x_wconf 91' lang='lat' dir='ltr'>ita</span> <span class='ocrx_word' id='word_1_177' title='bbox 1162 3081 1517 3177; x_wconf 84' lang='lat' dir='ltr'>loquente.</span> <span class='ocrx_word' id='word_1_178' title='bbox 1551 3107 1588 3152; x_wconf 92' lang='lat'>«</span> <span class='ocrx_word' id='word_1_179' title='bbox 1614 3079 1725 3152; x_wconf 93' lang='lat' dir='ltr'>Au</span> <span class='ocrx_word' id='word_1_180' title='bbox 1758 3092 1967 3171; x_wconf 83' lang='lat' dir='ltr'>reste,</span> <span class='ocrx_word' id='word_1_181' title='bbox 2004 3081 2118 3152; x_wconf 89' lang='lat' dir='ltr'>s’il</span> <span class='ocrx_word' id='word_1_182' title='bbox 2136 3080 2362 3153; x_wconf 89' lang='lat' dir='ltr'>fallait</span> <span class='ocrx_word' id='word_1_183' title='bbox 2380 3105 2467 3152; x_wconf 91' lang='lat' dir='ltr'>en</span> <span class='ocrx_word' id='word_1_184' title='bbox 2489 3081 2715 3151; x_wconf 85' lang='lat' dir='ltr'>croire</span> <span class='ocrx_word' id='word_1_185' title='bbox 2737 3081 2993 3169; x_wconf 89' lang='lat' dir='ltr'>Priolo‚</span> 
     </span>
     <span class='ocr_line' id='line_1_21' title="bbox 754 3204 3001 3306; baseline -0.002 -25"><span class='ocrx_word' id='word_1_186' title='bbox 754 3210 824 3281; x_wconf 93' lang='lat' dir='ltr'>la</span> <span class='ocrx_word' id='word_1_187' title='bbox 848 3209 1007 3303; x_wconf 89' lang='lat' dir='ltr'>plus</span> <span class='ocrx_word' id='word_1_188' title='bbox 1036 3207 1305 3302; x_wconf 83' lang='lat' dir='ltr'>grande</span> <span class='ocrx_word' id='word_1_189' title='bbox 1345 3230 1662 3279; x_wconf 90' lang='lat' dir='ltr'>semence</span> <span class='ocrx_word' id='word_1_190' title='bbox 1715 3207 1801 3278; x_wconf 92' lang='lat' dir='ltr'>de</span> <span class='ocrx_word' id='word_1_191' title='bbox 1848 3206 2183 3278; x_wconf 86' lang='lat' dir='ltr'>divisions</span> <span class='ocrx_word' id='word_1_192' title='bbox 2215 3216 2284 3278; x_wconf 93' lang='lat' dir='ltr'>et</span> <span class='ocrx_word' id='word_1_193' title='bbox 2318 3206 2405 3306; x_wconf 90' lang='lat' dir='ltr'>de</span> <span class='ocrx_word' id='word_1_194' title='bbox 2426 3204 2740 3278; x_wconf 87' lang='lat' dir='ltr'>troubles</span> <span class='ocrx_word' id='word_1_195' title='bbox 2774 3206 3001 3278; x_wconf 86' lang='lat' dir='ltr'>aurait</span> 
     </span>
     <span class='ocr_line' id='line_1_22' title="bbox 707 3329 3002 3426; baseline -0.002 -21"><span class='ocrx_word' id='word_1_196' title='bbox 707 3363 713 3371; x_wconf 94' lang='lat'><em>·</em></span> <span class='ocrx_word' id='word_1_197' title='bbox 758 3337 868 3406; x_wconf 80' lang='lat' dir='ltr'>ete</span> <span class='ocrx_word' id='word_1_198' title='bbox 895 3333 963 3405; x_wconf 89' lang='lat' dir='ltr'>la</span> <span class='ocrx_word' id='word_1_199' title='bbox 996 3331 1504 3426; x_wconf 84' lang='lat' dir='ltr'>coadjutorerie</span> <span class='ocrx_word' id='word_1_200' title='bbox 1541 3332 1627 3403; x_wconf 90' lang='lat' dir='ltr'>de</span> <span class='ocrx_word' id='word_1_201' title='bbox 1649 3331 2136 3403; x_wconf 73' lang='lat' dir='ltr'>l’archeveche</span> <span class='ocrx_word' id='word_1_202' title='bbox 2167 3331 2252 3404; x_wconf 91' lang='lat' dir='ltr'>de</span> <span class='ocrx_word' id='word_1_203' title='bbox 2271 3332 2477 3403; x_wconf 91' lang='lat' dir='ltr'>Paris</span> <span class='ocrx_word' id='word_1_204' title='bbox 2499 3330 2667 3401; x_wconf 89' lang='lat' dir='ltr'>dont</span> <span class='ocrx_word' id='word_1_205' title='bbox 2689 3329 2756 3400; x_wconf 89' lang='lat' dir='ltr'>la</span> <span class='ocrx_word' id='word_1_206' title='bbox 2776 3330 3002 3401; x_wconf 86' lang='lat' dir='ltr'>Reine</span> 
     </span>
     <span class='ocr_line' id='line_1_23' title="bbox 756 3456 3002 3554; baseline -0 -25"><span class='ocrx_word' id='word_1_207' title='bbox 756 3459 1039 3552; x_wconf 89' lang='lat' dir='ltr'>gratifia</span> <span class='ocrx_word' id='word_1_208' title='bbox 1067 3458 1356 3531; x_wconf 89' lang='lat' dir='ltr'>d&#39;abord</span> <span class='ocrx_word' id='word_1_209' title='bbox 1383 3456 1617 3529; x_wconf 83' lang='lat' dir='ltr'>l’abbe</span> <span class='ocrx_word' id='word_1_210' title='bbox 1644 3458 1730 3529; x_wconf 91' lang='lat' dir='ltr'>de</span> <span class='ocrx_word' id='word_1_211' title='bbox 1759 3456 1961 3547; x_wconf 86' lang='lat' dir='ltr'>Raiz,</span> <span class='ocrx_word' id='word_1_212' title='bbox 1996 3480 2221 3530; x_wconf 87' lang='lat' dir='ltr'>neveu</span> <span class='ocrx_word' id='word_1_213' title='bbox 2249 3459 2337 3531; x_wconf 91' lang='lat' dir='ltr'>de</span> <span class='ocrx_word' id='word_1_214' title='bbox 2359 3457 2869 3554; x_wconf 71' lang='lat' dir='ltr'>l’archeveque.</span> <span class='ocrx_word' id='word_1_215' title='bbox 2907 3457 3002 3529; x_wconf 90' lang='lat' dir='ltr'>Ce</span> 
     </span>
     <span class='ocr_line' id='line_1_24' title="bbox 760 3584 3001 3680; baseline 0.002 -27"><span class='ocrx_word' id='word_1_216' title='bbox 760 3584 861 3656; x_wconf 85' lang='lat' dir='ltr'>fut</span> <span class='ocrx_word' id='word_1_217' title='bbox 900 3585 996 3675; x_wconf 79' lang='lat' dir='ltr'>la,</span> <span class='ocrx_word' id='word_1_218' title='bbox 1037 3584 1261 3672; x_wconf 84' lang='lat' dir='ltr'>dit-il,</span> <span class='ocrx_word' id='word_1_219' title='bbox 1320 3584 1654 3677; x_wconf 89' lang='lat' dir='ltr'>l’origine</span> <span class='ocrx_word' id='word_1_220' title='bbox 1694 3593 1763 3656; x_wconf 90' lang='lat' dir='ltr'>et</span> <span class='ocrx_word' id='word_1_221' title='bbox 1801 3586 1871 3655; x_wconf 86' lang='lat' dir='ltr'>la</span> <span class='ocrx_word' id='word_1_222' title='bbox 1927 3608 2134 3656; x_wconf 90' lang='lat' dir='ltr'>cause</span> <span class='ocrx_word' id='word_1_223' title='bbox 2180 3584 2249 3656; x_wconf 87' lang='lat' dir='ltr'>la</span> <span class='ocrx_word' id='word_1_224' title='bbox 2308 3586 2459 3680; x_wconf 91' lang='lat' dir='ltr'>plus</span> <span class='ocrx_word' id='word_1_225' title='bbox 2514 3594 2878 3657; x_wconf 85' lang='lat' dir='ltr'>constante</span> <span class='ocrx_word' id='word_1_226' title='bbox 2914 3586 3001 3659; x_wconf 92' lang='lat' dir='ltr'>de</span> 
     </span>
     <span class='ocr_line' id='line_1_25' title="bbox 758 3705 2996 3812; baseline 0.001 -32"><span class='ocrx_word' id='word_1_227' title='bbox 758 3721 914 3780; x_wconf 87' lang='lat' dir='ltr'>tous</span> <span class='ocrx_word' id='word_1_228' title='bbox 951 3733 1077 3781; x_wconf 91' lang='lat' dir='ltr'>nos</span> <span class='ocrx_word' id='word_1_229' title='bbox 1103 3709 1477 3780; x_wconf 82' lang='lat' dir='ltr'>desordres</span> <span class='ocrx_word' id='word_1_230' title='bbox 1498 3718 1567 3780; x_wconf 90' lang='lat' dir='ltr'>et</span> <span class='ocrx_word' id='word_1_231' title='bbox 1595 3710 1683 3780; x_wconf 86' lang='lat' dir='ltr'>de</span> <span class='ocrx_word' id='word_1_232' title='bbox 1704 3717 1859 3780; x_wconf 91' lang='lat' dir='ltr'>tous</span> <span class='ocrx_word' id='word_1_233' title='bbox 1893 3733 2019 3780; x_wconf 89' lang='lat' dir='ltr'>uos</span> <span class='ocrx_word' id='word_1_234' title='bbox 2040 3732 2246 3781; x_wconf 86' lang='lat' dir='ltr'>maux</span> <span class='ocrx_word' id='word_1_235' title='bbox 2265 3705 2318 3779; x_wconf 79' lang='lat'>².</span> <span class='ocrx_word' id='word_1_236' title='bbox 2362 3710 2547 3781; x_wconf 90' lang='lat' dir='ltr'>Mais</span> <span class='ocrx_word' id='word_1_237' title='bbox 2578 3710 2747 3812; x_wconf 83' lang='lat' dir='ltr'>c&#39;est</span> <span class='ocrx_word' id='word_1_238' title='bbox 2778 3733 2953 3804; x_wconf 91' lang='lat' dir='ltr'>appa</span> <span class='ocrx_word' id='word_1_239' title='bbox 2971 3756 2996 3764; x_wconf 87' lang='lat'>-</span> 
     </span>
     <span class='ocr_line' id='line_1_26' title="bbox 759 3831 3002 3929; baseline 0 -26"><span class='ocrx_word' id='word_1_240' title='bbox 759 3842 1104 3905; x_wconf 89' lang='lat' dir='ltr'>remment</span> <span class='ocrx_word' id='word_1_241' title='bbox 1143 3858 1230 3904; x_wconf 94' lang='lat' dir='ltr'>en</span> <span class='ocrx_word' id='word_1_242' title='bbox 1281 3835 1432 3905; x_wconf 88' lang='lat' dir='ltr'>dire</span> <span class='ocrx_word' id='word_1_243' title='bbox 1473 3845 1626 3929; x_wconf 91' lang='lat' dir='ltr'>trop</span> <span class='ocrx_word' id='word_1_244' title='bbox 1650 3831 1701 3905; x_wconf 80' lang='lat'>³.</span> <span class='ocrx_word' id='word_1_245' title='bbox 1756 3861 1788 3902; x_wconf 87' lang='lat'>»</span> <span class='ocrx_word' id='word_1_246' title='bbox 1825 3832 1927 3905; x_wconf 88' lang='lat' dir='ltr'>Eo</span> <span class='ocrx_word' id='word_1_247' title='bbox 1978 3837 2165 3906; x_wconf 91' lang='lat' dir='ltr'>enim</span> <span class='ocrx_word' id='word_1_248' title='bbox 2205 3834 2639 3906; x_wconf 88' lang='lat' dir='ltr'>mirabiliora</span> <span class='ocrx_word' id='word_1_249' title='bbox 2679 3835 3002 3906; x_wconf 89' lang='lat' dir='ltr'>videntur</span> 
     </span>
     <span class='ocr_line' id='line_1_27' title="bbox 761 3958 3003 4053; baseline -0 -24"><span class='ocrx_word' id='word_1_250' title='bbox 761 3959 847 4030; x_wconf 93' lang='lat' dir='ltr'>de</span> <span class='ocrx_word' id='word_1_251' title='bbox 880 3959 1121 4029; x_wconf 79' lang='lat' dir='ltr'>Raizio</span> <span class='ocrx_word' id='word_1_252' title='bbox 1159 3960 1311 4030; x_wconf 85' lang='lat' dir='ltr'>haec</span> <span class='ocrx_word' id='word_1_253' title='bbox 1336 3959 1553 4029; x_wconf 87' lang='lat' dir='ltr'>Prioli</span> <span class='ocrx_word' id='word_1_254' title='bbox 1592 3958 1806 4031; x_wconf 88' lang='lat' dir='ltr'>verba</span> <span class='ocrx_word' id='word_1_255' title='bbox 1834 3983 1966 4052; x_wconf 88' lang='lat' dir='ltr'>quo</span> <span class='ocrx_word' id='word_1_256' title='bbox 2004 3959 2223 4053; x_wconf 90' lang='lat' dir='ltr'>magis</span> <span class='ocrx_word' id='word_1_257' title='bbox 2251 3960 2324 4029; x_wconf 91' lang='lat' dir='ltr'>in</span> <span class='ocrx_word' id='word_1_258' title='bbox 2359 3960 2808 4053; x_wconf 85' lang='lat' dir='ltr'>sequentibus</span> <span class='ocrx_word' id='word_1_259' title='bbox 2845 3959 2955 4029; x_wconf 91' lang='lat' dir='ltr'>his</span> <span class='ocrx_word' id='word_1_260' title='bbox 2979 4003 3003 4010; x_wconf 84' lang='lat'><em>-</em></span> 
     </span>
     <span class='ocr_line' id='line_1_28' title="bbox 764 4083 2998 4178; baseline -0 -24"><span class='ocrx_word' id='word_1_261' title='bbox 764 4083 964 4154; x_wconf 81' lang='lat' dir='ltr'>toriae</span> <span class='ocrx_word' id='word_1_262' title='bbox 1034 4083 1232 4154; x_wconf 89' lang='lat' dir='ltr'>libris</span> <span class='ocrx_word' id='word_1_263' title='bbox 1282 4083 1602 4154; x_wconf 89' lang='lat' dir='ltr'>eumdem</span> <span class='ocrx_word' id='word_1_264' title='bbox 1664 4084 1890 4154; x_wconf 88' lang='lat' dir='ltr'>virum</span> <span class='ocrx_word' id='word_1_265' title='bbox 1974 4084 2399 4178; x_wconf 83' lang='lat' dir='ltr'>neglexerit,</span> <span class='ocrx_word' id='word_1_266' title='bbox 2467 4084 2552 4155; x_wconf 90' lang='lat' dir='ltr'>de</span> <span class='ocrx_word' id='word_1_267' title='bbox 2620 4084 2998 4178; x_wconf 87' lang='lat' dir='ltr'>principum</span> 
     </span>
    </p>
   </div>
   <div class='ocr_carea' id='block_1_3' title="bbox 763 4416 3006 4641">
    <p class='ocr_par' dir='ltr' id='par_1_3' title="bbox 763 4416 3006 4641">
     <span class='ocr_line' id='line_1_29' title="bbox 827 4416 1390 4481; baseline -0.002 -13"><span class='ocrx_word' id='word_1_268' title='bbox 827 4417 1089 4476; x_wconf 71' lang='lat' dir='ltr'>¹Priolu8‚</span> <span class='ocrx_word' id='word_1_269' title='bbox 1126 4418 1167 4475; x_wconf 93' lang='lat'>1,</span> <span class='ocrx_word' id='word_1_270' title='bbox 1189 4431 1240 4481; x_wconf 87' lang='lat' dir='ltr'>p.</span> <span class='ocrx_word' id='word_1_271' title='bbox 1276 4416 1351 4465; x_wconf 86' lang='lat'>17.</span> <span class='ocrx_word' id='word_1_272' title='bbox 1387 4465 1390 4467; x_wconf 16' lang='grc' dir='ltr'><strong>Α</strong></span> 
     </span>
     <span class='ocr_line' id='line_1_30' title="bbox 826 4496 3004 4562; baseline 0 -15"><span class='ocrx_word' id='word_1_273' title='bbox 826 4500 849 4534; x_wconf 82' lang='lat'><em>²</em></span> <span class='ocrx_word' id='word_1_274' title='bbox 881 4497 976 4555; x_wconf 71' lang='lat' dir='ltr'>Id„</span> <span class='ocrx_word' id='word_1_275' title='bbox 1021 4497 1087 4555; x_wconf 89' lang='lat'>11,</span> <span class='ocrx_word' id='word_1_276' title='bbox 1121 4512 1171 4561; x_wconf 92' lang='lat' dir='ltr'>p.</span> <span class='ocrx_word' id='word_1_277' title='bbox 1204 4496 1279 4545; x_wconf 89' lang='lat'>16.</span> <span class='ocrx_word' id='word_1_278' title='bbox 1333 4496 1572 4545; x_wconf 76' lang='lat' dir='ltr'>«Paulus</span> <span class='ocrx_word' id='word_1_279' title='bbox 1598 4496 1842 4555; x_wconf 74' lang='lat' dir='ltr'>Gondiu8‚</span> <span class='ocrx_word' id='word_1_280' title='bbox 1893 4497 2189 4559; x_wconf 87' lang='lat' dir='ltr'>designatus</span> <span class='ocrx_word' id='word_1_281' title='bbox 2226 4496 2645 4562; x_wconf 82' lang='lat' dir='ltr'>archiepiscopus</span> <span class='ocrx_word' id='word_1_282' title='bbox 2695 4498 3004 4548; x_wconf 80' lang='lat' dir='ltr'>Parisiensis</span> 
     </span>
     <span class='ocr_line' id='line_1_31' title="bbox 763 4571 3006 4641; baseline -0.002 -13"><span class='ocrx_word' id='word_1_283' title='bbox 763 4581 815 4628; x_wconf 88' lang='lat' dir='ltr'>in</span> <span class='ocrx_word' id='word_1_284' title='bbox 841 4571 1221 4629; x_wconf 70' lang='lat' dir='ltr'>Corinthiacum</span> <span class='ocrx_word' id='word_1_285' title='bbox 1245 4575 1545 4641; x_wconf 89' lang='lat' dir='ltr'>injungitur.</span> <span class='ocrx_word' id='word_1_286' title='bbox 1578 4573 1672 4625; x_wconf 87' lang='lat' dir='ltr'>Ille</span> <span class='ocrx_word' id='word_1_287' title='bbox 1691 4575 1801 4625; x_wconf 87' lang='lat' dir='ltr'>dies</span> <span class='ocrx_word' id='word_1_288' title='bbox 1832 4576 2029 4640; x_wconf 86' lang='lat' dir='ltr'>primus</span> <span class='ocrx_word' id='word_1_289' title='bbox 2048 4574 2173 4624; x_wconf 85' lang='lat' dir='ltr'>lethi</span> <span class='ocrx_word' id='word_1_290' title='bbox 2196 4580 2249 4625; x_wconf 87' lang='lat' dir='ltr'>et</span> <span class='ocrx_word' id='word_1_291' title='bbox 2283 4576 2511 4625; x_wconf 87' lang='lat' dir='ltr'>omnium</span> <span class='ocrx_word' id='word_1_292' title='bbox 2545 4576 2796 4626; x_wconf 87' lang='lat' dir='ltr'>malorum</span> <span class='ocrx_word' id='word_1_293' title='bbox 2852 4591 3006 4627; x_wconf 84' lang='lat' dir='ltr'>causa</span> 
     </span>
    </p>
   </div>
   <div class='ocr_carea' id='block_1_4' title="bbox 736 4656 1448 4801">
    <p class='ocr_par' dir='ltr' id='par_1_4' title="bbox 736 4656 1448 4801">
     <span class='ocr_line' id='line_1_32' title="bbox 736 4656 940 4705; baseline -0.02 0"><span class='ocrx_word' id='word_1_294' title='bbox 736 4666 739 4669; x_wconf 85' lang='lat'>&#39;</span> <span class='ocrx_word' id='word_1_295' title='bbox 764 4656 878 4705; x_wconf 80' lang='lat' dir='ltr'>fuit.</span> <span class='ocrx_word' id='word_1_296' title='bbox 912 4672 940 4701; x_wconf 93' lang='lat'>»</span> 
     </span>
     <span class='ocr_line' id='line_1_33' title="bbox 830 4733 1448 4801; baseline 0.002 -17"><span class='ocrx_word' id='word_1_297' title='bbox 830 4735 853 4773; x_wconf 85' lang='grc'><strong>3</strong></span> <span class='ocrx_word' id='word_1_298' title='bbox 886 4734 1108 4800; x_wconf 75' lang='lat' dir='ltr'>Aubery‚</span> <span class='ocrx_word' id='word_1_299' title='bbox 1138 4735 1229 4790; x_wconf 87' lang='lat'>111,</span> <span class='ocrx_word' id='word_1_300' title='bbox 1262 4749 1314 4801; x_wconf 87' lang='lat' dir='ltr'>p.</span> <span class='ocrx_word' id='word_1_301' title='bbox 1338 4733 1448 4785; x_wconf 70' lang='lat'>183.</span> 
     </span>
    </p>
   </div>
   <div class='ocr_carea' id='block_1_5' title="bbox 3492 1130 3496 2483">
    <p class='ocr_par' dir='ltr' id='par_1_5' title="bbox 3492 1130 3496 2483">
     <span class='ocr_line' id='line_1_34' title="bbox 3492 1130 3496 2483; baseline 0 0"><span class='ocrx_word' id='word_1_302' title='bbox 3492 1130 3496 2483; x_wconf 95' lang='lat' dir='ltr'> </span> 
     </span>
    </p>
   </div>
   <div class='ocr_carea' id='block_1_6' title="bbox 3491 3405 3497 4875">
    <p class='ocr_par' dir='ltr' id='par_1_6' title="bbox 3491 3405 3497 4875">
     <span class='ocr_line' id='line_1_35' title="bbox 3491 3405 3497 4875; baseline 0 0"><span class='ocrx_word' id='word_1_303' title='bbox 3491 3405 3497 4875; x_wconf 95' lang='lat' dir='ltr'> </span> 
     </span>
    </p>
   </div>
  </div>
 </body>
</html>
