3507 5683
848 690 912 741 70
1518 693 1616 743 DE
1650 692 2102 744 BENJAMINI
2139 695 2417 746 PRIOLI

945 832 1225 905 Constat
1250 830 1467 925 igitur
1549 853 1637 901 ex
1710 831 1843 904 hac
1912 830 2207 927 epistola
2273 833 2584 907 Priolum
2636 860 2718 909 eo
2771 846 3094 934 tempore

841 957 1198 1029 Mazarino
1229 956 1457 1028 adhuc
1491 953 1705 1028 fuisse
1730 955 2105 1045 addictum,
2161 981 2583 1055 quanquam,
2639 969 2715 1033 ut
2744 964 3092 1058 suspicari

842 1082 1037 1172 libet,
1080 1082 1545 1170 Pontizaram‚
1583 1091 1826 1154 contra
1863 1082 2241 1155 cardinalis
2281 1084 2739 1178 voluntatem,
2786 1089 3090 1187 relique-

841 1217 989 1281 rat:
1031 1208 1151 1305 qui
1200 1219 1430 1282 autem
1479 1209 1633 1280 fieri
1687 1209 1902 1303 potuit
1949 1218 2022 1281 ut
2071 1210 2477 1283 Mazarinus
2519 1210 2607 1285 de
2660 1236 2770 1303 e0‚
2821 1215 3091 1288 duobus

837 1344 994 1429 post
1022 1333 1252 1424 annis,
1284 1332 1451 1407 talia
1482 1332 1821 1407 scriberet
1849 1331 1870 1372 ¹
1923 1359 1939 1404 :

1103 1821 1404 1866 Ln‘r‘rnn
1448 1822 1537 1866 DE
1579 1823 1912 1867 quAnm
1953 1823 2046 1870 Ao
2091 1825 2328 1869 COMTB
2371 1826 2457 1870 DE
2499 1791 2858 1873 SERVIEN*

1872 2063 1948 2117 De
1985 2061 2253 2128 peronne,
2293 2062 2344 2118 le
2380 2062 2449 2118 16
2483 2071 2641 2119 aoust
2678 2063 2847 2121 1654.

935 2252 971 2296 «
1008 2228 1051 2297 J
1056 2249 1094 2298 e
1129 2248 1294 2322 scay
1329 2248 1463 2321 que
1488 2224 1816 2298 Prioleau
1854 2234 2070 2297 estun
2105 2226 2389 2300 homme
2426 2227 2748 2316 mechant
2780 2237 2849 2300 et
2899 2228 3085 2300 dan-

830 2374 1122 2444 gereux,
1175 2362 1242 2425 et
1291 2376 1386 2424 un
1425 2351 1781 2424 emissaire
1830 2349 1965 2424 fort
1985 2374 2241 2446 propre
2279 2375 2457 2447 pour
2495 2376 2668 2425 ceux
2694 2352 2813 2451 qui
2842 2350 3078 2449 (qu’il)

831 2486 1000 2569 sert,
1037 2478 1211 2550 mais
1251 2480 1594 2572 peut-&tre
1633 2475 1841 2574 qu'on
1896 2486 2224 2550 trouvera
2276 2478 2503 2551 moien
2557 2478 2905 2552 d'arreter
2965 2501 3083 2550 ses

830 2626 1138 2677 courses.
1176 2629 1213 2675 »

869 2825 875 2833 ρ
928 2711 1068 2805 Per
1101 2733 1391 2826 incerta,
1427 2730 1815 2818 fatendum,
1857 2741 1925 2804 et
1954 2730 2254 2805 obscura
2281 2730 2668 2804 incedimus
2727 2755 2742 2801 ε
2798 2730 3079 2803 Priolus

829 2860 979 2954 ipse
1003 2860 1088 2931 de
1112 2883 1187 2933 se
1214 2861 1287 2945 in
1308 2859 1604 2932 historia
1637 2856 1751 2929 hic
1806 2867 1874 2929 et
1919 2857 2065 2930 illic
2117 2882 2339 2953 pauca
2377 2857 2696 2953 protulit,
2741 2858 3077 2931 maximas

827 3010 1180 3060 aerumnas
1225 3009 1384 3057 suas
1440 2984 2012 3081 deploratamque
2066 2982 2414 3057 fortunam
2481 2983 2811 3057 acerbius
2871 3006 3078 3080 quam

828 3112 1121 3185 lucidius
1157 3120 1577 3209 conquestus
1613 3135 1630 3182 ε
1680 3121 1756 3184 ut
1807 3111 1879 3181 in
1919 3110 2141 3205 primo
2177 3110 2385 3183 fibro,
2427 3136 2464 3181 «
2522 3110 2658 3182 Ubi
2713 3133 2798 3182 ex
2839 3110 3076 3182 multis

825 3237 1146 3333 periculis
1178 3247 1246 3310 et
1282 3235 1595 3310 adversis
1639 3235 1996 3332 requievi²
2033 3261 2070 3306 »
2104 3245 2225 3308 aut
2266 3235 2680 3320 «Quantum
2702 3236 2791 3308 ad
2829 3237 3075 3309 Maza-

828 3361 1083 3451 riuum,
1104 3386 1245 3434 non
1283 3362 1370 3434 de
1406 3363 1556 3458 ejus
1598 3359 1882 3434 fortuna
1920 3362 2042 3435 sed
2071 3362 2157 3434 de
2198 3362 2349 3457 ipso
2399 3361 2679 3457 loquor,
2711 3362 2829 3457 qui
2883 3361 3075 3435 nullo

824 3489 1190 3579 beneficio,
1233 3489 1464 3562 multis
1506 3488 1780 3584 injuriis
1810 3488 1980 3559 mihi
2020 3499 2223 3560 notus
2254 3497 2386 3578 est,
2417 3511 2572 3559 cum
2610 3486 2718 3558 illi
2758 3487 2890 3561 soli
2920 3511 3075 3560 mea

823 3613 1093 3691 familia
1122 3638 1278 3686 suas
1319 3613 1553 3685 clades
1581 3622 1902 3708 acceptas
1928 3612 2189 3685 referat
2207 3610 2255 3683 ³.
2295 3637 2331 3681 »
2363 3613 2524 3685 Non
2548 3612 2756 3685 aliter
2777 3615 2852 3686 in
2869 3612 3071 3687 tertio

824 3741 1025 3813 libro,
1050 3767 1085 3811 «
1112 3741 1190 3812 In
1217 3752 1445 3837 partes
1468 3741 1825 3837 abreptus,
1853 3740 2073 3811 multa
2096 3739 2229 3811 feci
2249 3739 2338 3810 ad
2365 3762 2524 3836 quae
2544 3740 2803 3812 invitus
2827 3739 3069 3813 oculos

808 3875 1192 3962 retorqueo
1228 3865 1280 3937 ⁴.
1331 3891 1367 3936 »
1429 3865 1727 3937 Videtur
1763 3889 1853 3936 ex
1879 3864 1988 3935 his
2020 3864 2360 3936 Priolusa
2387 3863 2745 3935 Mazarino
2773 3887 2899 3958 per
2929 3864 3070 3936 ali-

823 4001 991 4088 quot
1013 4014 1237 4064 annos
1271 3991 1717 4063 discessisse:
1757 3998 2097 4084 quatenus
2119 3998 2349 4062 autern
2369 3987 2655 4061 factioni
2677 3988 3069 4084 principum

786 4136 789 4137 ’
821 4117 1232 4208 adhaeserit,
1265 4116 1455 4188 dictu
1488 4112 1774 4186 difficile
1815 4123 1944 4186 est.
1987 4115 2316 4200 Quaedam
2346 4126 2581 4187 tamen
2612 4124 2779 4186 sunt
2801 4115 3069 4210 proba-

823 4242 1046 4314 bilia:
1118 4241 1206 4314 ab
1279 4264 1360 4312 eo
1412 4265 1592 4313 anno
1647 4263 1779 4335 qno
1826 4239 2350 4335 Longavillaeus
2403 4241 2544 4313 dux
2607 4263 2780 4334 erga
2825 4263 3067 4333 regem

883 4516 902 4551 ¹
941 4514 1218 4565 Archives
1240 4516 1332 4565 des
1363 4512 1596 4576 affaires
1626 4515 1975 4577 e'tramyereS,
1997 4527 2043 4562 v.
2067 4511 2290 4576 8931157,
2321 4529 2372 4578 p.
2416 4512 2524 4572 137,
2551 4531 2599 4578 p.
2640 4512 2745 4564 106.

881 4593 904 4628 ²
938 4594 1163 4654 Priolus„
1183 4611 1221 4653 1,
1254 4612 1304 4660 p.
1330 4595 1376 4646 1.
2270 4578 2294 4613 θ’

878 4676 902 4711 ³
934 4677 1030 4740 1d.‚
1062 4694 1098 4737 1,
1121 4693 1174 4743 p.
1204 4677 1286 4726 42.

878 4756 902 4791 ⁴
937 4758 1036 4821 ld„
1056 4773 1137 4817 111,
1161 4773 1208 4822 p.
1236 4756 1315 4805 24.
