3507 5683
741 664 774 713 s
1642 644 2091 708 PRAEF'ATm

747 799 1009 871 scilicet
1060 823 1075 868 :
1138 820 1174 866 «
1218 793 1552 867 Historia
1588 793 1781 864 delle
1817 792 2275 863 Revolutioni
2323 791 2404 863 di
2445 793 2804 883 Francia,
2857 815 2995 865 con

749 934 827 1005 la
867 929 1411 1005 continuatione
1469 929 1670 1000 della
1718 950 2009 1020 querra
2069 936 2195 999 tra
2246 929 2317 999 le
2366 928 2513 999 due
2556 948 2821 1000 corone
2876 926 2996 998 del

747 1076 956 1139 conte
1022 1064 1310 1137 Gnaldo
1357 1061 1739 1150 Priorat0‚
1780 1086 1818 1130 »
1885 1083 2048 1133 sans
2104 1060 2266 1133 date
2334 1062 2405 1133 ni
2467 1061 2848 1135 indication
2903 1061 2997 1132 du

749 1201 887 1272 lieu
922 1198 1442 1292 d'impression‚
1488 1203 1523 1266 1
1570 1195 1710 1267 vol.
1773 1195 1957 1267 in-r.
2013 1195 2210 1291 Adde
2248 1219 2523 1291 quoque
2571 1194 2759 1268 aliud
2817 1217 2994 1291 opus

755 1333 1068 1428 ejusdem
1122 1331 1513 1427 scriptoris.
1564 1330 1969 1402 «Historia
2021 1332 2144 1402 del
2179 1328 2582 1400 ministerio
2637 1329 2761 1400 del
2816 1351 3000 1401 car-

751 1467 1006 1539 dinale
1069 1465 1508 1538 Mazzari‘no
1572 1466 1823 1559 primo
1893 1464 2228 1536 ministro
2300 1464 2500 1535 della
2570 1486 2841 1535 corona
2919 1465 3002 1536 di

755 1601 1118 1691 Francia,
1159 1601 1511 1675 descritta
1555 1599 1684 1671 dal
1727 1607 1936 1670 conte
1966 1598 2236 1671 Gualdo
2271 1598 2625 1669 Priorato.
2661 1597 2998 1687 Coloniae,

766 1737 955 1810 1669
1009 1726 1055 1806 ².
1096 1761 1134 1805 ))

852 1870 985 1942 His
1021 1867 1292 1941 duobus
1319 1865 1520 1936 libris
1550 1865 1819 1959 subjice
1848 1866 2025 1938 alios
2056 1865 2602 1938 commentarios
2633 1865 2886 1959 quibus
2915 1865 3002 1937 de

757 2003 998 2077 Priolo
1042 2000 1157 2072 vel
1194 1999 1407 2071 semel
1434 2008 1666 2071 actum
1703 2007 1832 2070 est.

856 2128 1247 2209 Memoires
1286 2134 1380 2205 de
1415 2135 1492 2205 la
1535 2134 1881 2204 duchesse
1912 2134 2004 2205 de
2043 2134 2410 2207 Nemours
2459 2134 2645 2231 (coll.
2694 2075 3001 2227 ‘Petiton

772 2272 1239 2366 t.XXX1V).

859 2405 1247 2479 Memoires
1266 2407 1360 2479 de
1379 2404 1529 2475 M'm’
1540 2406 1633 2477 de
1655 2403 2059 2476 Motteville
2082 2404 2268 2495 (coll.
2287 2406 2571 2496 Petitot‚
2597 2414 2644 2479 t.
2663 2406 3006 2480 XXXVII

763 2550 831 2614 et
862 2538 1298 2635 XXXVIII).

862 2673 1252 2745 Memoires
1288 2675 1380 2745 de
1410 2673 1518 2745 M.
1552 2674 1644 2744 de
1694 2675 1770 2745 za
1822 2632 2424 2769 Rochefhuoauld
2458 2673 2651 2765 (σου.
2710 2622 3000 2761 Petita,

765 2818 819 2886 t.
853 2809 944 2881 LI
966 2818 1035 2881 et
1078 2808 1256 2900 LII).

862 2943 1247 3016 Memoires
1261 2942 1526 3012 inediis
1544 2942 1637 3012 de
1655 2942 1880 3012 Louis
1897 2941 2141 3012 Henri
2169 2943 2517 3014 Lomenie
2536 2943 2630 3013 de
2649 2942 3003 3032 Briemw,

764 3078 1158 3151 secretaire
1196 3055 1463 3148 a’E'tat
1498 3099 1656 3147 sous
1718 3076 1934 3146 Louis
1988 3075 2200 3162 XIV,
2243 3077 2518 3173 publies
2547 3101 2671 3174 par
2708 3079 2791 3149 F.
2820 3079 3009 3150 Bar-

774 3215 987 3303 riere,
1027 3211 1240 3284 1828.

831 3421 850 3456 ¹
887 3422 1069 3471 Comes
1097 3417 1376 3471 Galeazzus
1410 3417 1641 3474 Gualdus
1660 3417 1945 3476 prioratus,
1977 3422 2126 3466 natus
2153 3416 2404 3468 Vicentiae
2444 3420 2652 3469 circiter
2672 3434 2860 3469 annum
2890 3418 3016 3469 1606

768 3500 966 3552 militiae
987 3500 1208 3564 primum
1230 3514 1284 3547 se
1321 3498 1553 3556 dederat,
1586 3497 1913 3560 vicissimque
1947 3498 1999 3546 in
2030 3497 2292 3560 mandria,
2325 3499 2376 3548 in
2413 3498 2599 3557 Gallia,
2632 3500 2683 3549 in
2728 3500 3011 3550 Germania

769 3584 866 3632 sub
896 3580 1115 3630 diversis
1154 3576 1372 3629 ducibus
1396 3584 1447 3627 et
1475 3578 1653 3627 ultimo
1690 3577 1804 3628 loco
1834 3578 1927 3626 sub
1970 3577 2294 3629 Waldstenio
2334 3581 2586 3645 stipendia
2632 3582 2843 3631 meritus
2868 3587 3011 3630 erat:

768 3667 1037 3727 postquam
1066 3664 1254 3718 autem,
1286 3663 1436 3708 aetate
1457 3659 1509 3707 in
1547 3658 1746 3707 senium
1772 3663 2029 3720 vergente,
2055 3666 2166 3722 post
2189 3663 2264 3708 tot
2283 3660 2469 3711 itinera
2489 3661 2772 3726 praeliaque
2791 3663 3014 3726 quietem

767 3741 1020 3807 quaesivit,
1068 3755 1131 3788 ex
1178 3737 1339 3788 milite
1380 3738 1541 3787 factus
1590 3743 1665 3787 est
1712 3737 1991 3801 improviso
2034 3739 2363 3788 historiarum
2411 3742 2650 3806 scriptor.
2708 3741 3015 3792 Incredibile

769 3828 845 3872 est
873 3826 1119 3887 quantum
1154 3821 1204 3868 in
1228 3821 1326 3868 hoc
1356 3834 1488 3866 novo
1536 3818 1736 3866 vivendi
1773 3833 1970 3881 *genere
2006 3819 2250 3868 fecundus
2283 3835 2498 3884 operum
2533 3821 2683 3871 suerit
2724 3826 2775 3870 et
2810 3821 3010 3871 alacer:

769 3907 893 3965 quot
914 3916 1005 3965 per
1030 3900 1345 3961 juventutem
1371 3910 1529 3959 regna
1562 3897 1772 3953 viserat,
1810 3897 1934 3958 fere,
1977 3904 2033 3948 ut
2062 3899 2132 3947 ita
2165 3899 2349 3960 dicam,
2388 3903 2463 3949 tot
2484 3898 2641 3949 libros
2692 3900 2853 3950 edidit
2886 3901 3019 3949 iuter

770 3997 898 4046 quos
920 3979 1204 4030 citaverim.
1238 3979 1458 4027 Istoria
1478 3977 1620 4026 delle
1648 3992 1854 4039 querre
1886 3978 2032 4041 deyli
2061 3967 2328 4041 imperat.
2352 3981 2519 4030 Ferd.
2549 3981 2628 4031 II
2648 3990 2700 4029 et
2722 3983 2887 4032 Ferd.
2913 3982 3023 4032 III

769 4074 1011 4112 successe
1042 4060 1138 4109 dal
1177 4060 1335 4108 1630
1369 4061 1406 4106 a
1439 4057 1618 4107 1640.
1651 4056 1905 4120 Bologne‚
1941 4057 2080 4116 1641,
2109 4057 2139 4105 3
2169 4058 2270 4109 vol.
2308 4059 2428 4108 in-4.
2473 4061 2690 4111 Istoria
2728 4064 2872 4111 della
2898 4061 3020 4112 vita

774 4141 1061 4192 d’Alberto
1101 4138 1395 4194 Walstein,
1426 4136 1587 4200 Lyon‚
1623 4135 1763 4194 1643,
1797 4137 1922 4196 in·4‚
1959 4142 2080 4198 etc„
2125 4139 2262 4203 quod
2293 4139 2477 4188 attinet
2515 4140 2582 4188 ad
2628 4139 2849 4203 gallicas
2879 4140 3020 4190 illius

772 4221 1034 4280 historiaS,
1074 4218 1205 4269 sciat
1240 4234 1294 4268 se
1335 4217 1684 4284 profecturum
1720 4217 1955 4282 quisquis
2000 4234 2087 4267 eas
2120 4224 2265 4269 caute
2308 4224 2360 4269 et
2406 4221 2683 4284 prudenter
2723 4221 2935 4285 legerit:
2971 4222 3021 4270 in

774 4302 853 4352 his
885 4301 1023 4350 enim
1059 4298 1285 4362 reperire
1305 4303 1383 4346 est
1406 4296 1566 4346 multa
1596 4295 1658 4345 de
1696 4298 1918 4347 motibus
1955 4299 2149 4348 Fundae
2182 4305 2231 4349 et
2269 4301 2553 4349 innumeris
2592 4301 2841 4351 Mazarini
2885 4308 3013 4353 trac-

774 4381 1051 4431 tationibus
1095 4393 1210 4443 quae
1256 4391 1511 4441 nusquam
1545 4375 1673 4426 alias
1726 4378 1972 4427 invenias.
2035 4379 2108 4430 Ut
2161 4380 2393 4444 exemplo
2449 4386 2585 4441 utar,
2635 4381 2826 4445 legitur
2884 4383 3020 4448 apud

775 4462 1004 4523 Aubery.
1031 4458 1308 4521 (Histoire
1336 4459 1415 4507 du
1449 4457 1721 4507 cardinal
1750 4458 2047 4519 Mazarin,
2097 4465 2133 4509 t.
2158 4461 2221 4519 11,
2253 4459 2289 4508 1.
2323 4475 2378 4523 v,
2407 4477 2455 4525 p.
2494 4463 2578 4525 70)
2600 4477 2718 4526 quae
2743 4469 3022 4526 sequuntur

775 4543 839 4591 de
866 4542 1159 4606 captivitate
1203 4537 1511 4602 principum.
1537 4540 1544 4547 “
1566 4554 1592 4582 «
1620 4536 1697 4586 On
1722 4536 1806 4600 n'y
1835 4539 1887 4601 (a
1916 4539 2261 4590 l’arrestation
2290 4540 2380 4590 des
2414 4541 2639 4604 princes)
2671 4548 2887 4608 apporta
2932 4559 3022 4608 pas

775 4620 944 4669 moins
973 4618 1233 4667 d'adresse
1265 4630 1363 4679 que
1392 4614 1454 4663 de
1480 4621 1661 4674 secret,
1703 4616 1847 4664 selon
1869 4616 1919 4665 18
1951 4618 2275 4681 temoignage
2296 4619 2359 4669 de
2389 4622 2600 4671 Gualdo
2630 4622 2898 4673 Priorato
2926 4639 3024 4687 que

776 4701 878 4749 l'on
897 4700 1029 4749 croit
1045 4698 1190 4748 avoir
1202 4711 1266 4746 eu
1293 4711 1381 4744 sur
1399 4710 1457 4744 ce
1486 4695 1672 4744 chef-la
1704 4695 1795 4746 des
1838 4698 2111 4748 me'moires
2138 4705 2190 4748 et
2207 4699 2298 4747 des
2330 4701 2656 4752 instructions
2676 4703 2778 4754 sort
2811 4705 2975 4755 sures·
2998 4725 3023 4751 »
