3507 5683
1183 687 1374 740 vrrA
1408 686 1504 737 ΕΤ
1538 684 1921 738 somp'ms
2618 674 2681 737 63

435 839 619 901 tura.
666 826 1140 925 Repugnabat
1206 836 1446 899 contra
1508 825 2052 920 LongavillaeuS,
2109 851 2199 899 ne
2279 800 2537 901 sensim
2588 801 2680 901 ad

433 953 699 1026 bellum
729 954 933 1025 civile
963 963 1337 1048 cogeretur
1372 978 1387 1023 ε
1427 979 1463 1024 «
1508 953 1759 1045 Impuli
1805 976 1962 1047 ego,
1992 953 2222 1049 inquit
2255 953 2567 1043 PrioluS,
2601 962 2678 1026 ut

432 1102 795 1152 assensum
836 1080 1185 1175 praeberet
1224 1080 1655 1174 congressui,
1697 1103 1853 1151 cum
1911 1079 2263 1172 Reginam
2317 1078 2447 1150 hoc
2475 1079 2562 1151 ab
2596 1088 2678 1152 eo

433 1205 716 1299 exigere
780 1229 907 1300 per
965 1204 1236 1278 litteras
1304 1206 1507 1277 anxie
1565 1206 1985 1279 monuissem
2023 1202 2073 1275 ¹.
2163 1229 2199 1272 »
2270 1206 2679 1277 Convenere

430 1331 649 1423 igitur
676 1329 945 1420 Triam,
982 1331 1501 1425 Longavillaeus
1535 1332 1834 1425 primum
1865 1331 1986 1426 qui
2003 1331 2341 1404 hactenus
2372 1330 2677 1403 Condaeo

430 1456 758 1549 ambigua
797 1479 923 1549 per
967 1456 1286 1528 Priolum
1344 1457 1685 1552 pollicitus
1723 1467 1902 1545 erat,
1953 1438 2115 1525 dein
2183 1453 2526 1528 Condaeus
2555 1454 2677 1553 qui

428 1581 690 1678 paucis,
744 1582 1009 1653 scilicet
1045 1583 1289 1655 Jarz'eo
1321 1592 1389 1655 et
1428 1583 1953 1677 Montespanio,
2003 1577 2492 1650 comitantibus
2548 1601 2676 1674 per

431 1707 874 1779 Pontizaram
912 1707 1046 1779 iter
1065 1705 1350 1781 fecerat.
1398 1708 1659 1780 Aderat
1681 1730 1955 1803 quoque
1987 1714 2223 1776 noster
2255 1727 2461 1799 quem
2476 1704 2677 1799 prin-

428 1835 619 1929 cipes
654 1832 857 1930 (adeo
890 1833 1252 1905 amborum
1280 1836 1605 1907 occaecati
1643 1842 1848 1905 erant
1878 1831 2121 1922 animi)
2169 1808 2675 1927 colloquiorum

427 1981 713 2030 suorum
764 1957 1173 2053 participem
1218 1982 1372 2032 esse
1437 1960 1840 2047 voluerunt,
1913 1982 2120 2039 unus,
2198 1966 2276 2029 ut
2337 1958 2673 2052 suspicari

426 2084 621 2173 libet,
678 2085 857 2179 quod
912 2085 1280 2175 maximam
1329 2086 1548 2158 Prioli
1594 2087 1869 2180 ingenii
1937 2086 2416 2159 auctoritatem
2496 2080 2675 2180 apud

425 2209 676 2281 ducem
715 2210 996 2304 penitus
1025 2220 1345 2303 noverat,
1417 2211 1595 2282 alter
1649 2222 1880 2283 autem
1918 2211 2101 2307 quod
2157 2234 2314 2283 sese
2343 2212 2416 2282 in
2446 2210 2672 2282 Prioli

428 2335 499 2406 vi
546 2344 615 2406 et
656 2336 1049 2408 constantia
1102 2335 1437 2409 adversus
1479 2360 1677 2409 suam
1731 2338 2085 2431 propriam
2114 2335 2671 2408 imbecillitatem

427 2460 760 2533 auxilium
786 2476 853 2532 et
882 2484 1082 2553 opem
1111 2462 1561 2533 inventurum
1604 2461 2016 2535 confidebat.
2054 2463 2157 2533 De
2177 2462 2411 2533 Priolo
2441 2469 2674 2532 autem

427 2584 578 2678 ipso
602 2583 795 2679 quid,
835 2586 970 2657 nisi
1007 2586 1215 2679 male,
1250 2586 1644 2677 dicendum,
1684 2588 1803 2683 qui
1832 2588 2075 2660 talium
2095 2587 2413 2658 virorum
2443 2595 2512 2658 et
2532 2588 2674 2659 im-

326 2728 331 2732 ·
428 2710 674 2803 primis
709 2711 993 2782 Condaei
1025 2713 1323 2799 amicitia
1358 2722 1426 2785 et
1463 2713 1596 2785 fide
1624 2714 2037 2786 abutebatur
2070 2724 2148 2786 ut
2168 2737 2319 2804 eOS,
2363 2722 2667 2807 quaestus

425 2838 575 2909 sine
605 2836 814 2909 dubio
851 2838 1116 2910 minimi
1154 2840 1408 2933 gratia,
1444 2840 1768 2934 proderet
1801 2845 1828 2911 ἓ
1866 2840 2212 2912 Postridie
2264 2839 2669 2935 majoritatis

426 2964 937 3037 solemnitatem
1004 2966 1374 3057 CondaeuS,
1462 2990 1672 3061 quum
1738 2991 1827 3040 ex
1901 2965 2126 3042 Contii
2188 2964 2441 3038 litteris
2510 2987 2667 3059 quae

428 3092 718 3163 Lutetiae
770 3102 921 3164 acta
950 3103 1184 3165 essent
1218 3094 1725 3189 pessimamque
1757 3117 1929 3187 erga
1956 3115 2032 3163 se
2071 3092 2339 3185 reginae
2373 3101 2438 3163 et
2475 3091 2666 3184 regis

426 3216 876 3306 voluntatem,
953 3217 1363 3308 audivisset,
1418 3227 1608 3291 ratus
1656 3220 1917 3291 bellum
1957 3219 2161 3290 civile
2200 3216 2338 3287 sibi
2391 3216 2667 3287 unicam

426 3343 673 3416 salutis
701 3345 1008 3438 spemin
1068 3353 1421 3438 posterum
1483 3342 1658 3434 fore,
1726 3342 2313 3438 Longavillaeum‚
2385 3350 2560 3413 teste
2599 3350 2667 3412 et

422 3481 769 3565 praesente
813 3472 1076 3563 PrioIO,
1116 3493 1495 3565 aggressus
1536 3482 1664 3546 est.
1716 3449 2204 3568 Spretisducis
2255 3468 2665 3565 prudentis-

484 3714 505 3750 ¹
528 3712 847 3778 Priolus‚lv1‚
880 3730 931 3778 p.
953 3713 1033 3763 53.
1061 3713 1140 3764 Cf.
1164 3729 1364 3778 quoque
1387 3714 1643 3778 Moutglat
1671 3731 1700 3763 1.
1734 3732 1786 3779 p.
1814 3715 1926 3764 294.
1955 3717 2024 3765 D.
2043 3717 2109 3765 de
2140 3717 2432 3771 Nemeum,
2463 3726 2515 3775 p.
2546 3710 2662 3759 512.

421 3793 658 3841 Ceterum
677 3792 791 3841 haec
819 3793 992 3841 omnia
1014 3794 1204 3857 optime
1237 3786 1512 3843 narrantur
1538 3794 1589 3841 in
1618 3793 1750 3843 libro
1763 3793 2022 3857 adscripto
2054 3793 2305 3841 Histoire
2325 3795 2393 3842 de
2414 3792 2471 3838 la
2503 3789 2593 3838 vie
2611 3793 2664 3837 et

420 3873 639 3923 actions
669 3874 733 3922 de
753 3875 818 3923 L.
855 3874 919 3922 de
950 3875 1232 3934 Bourbon,
1256 3876 1455 3938 prinae
1481 3877 1545 3924 de
1572 3875 1772 3934 Condess
1800 3877 1830 3924 a
1849 3873 2076 3938 Cologne
2105 3872 2224 3922 1694
2244 3873 2360 3937 (par
2386 3871 2433 3921 la
2453 3871 2663 3929 Brune)‚

420 3960 459 4004 t.
490 3954 558 4014 11,
593 3969 643 4018 p.
672 3953 780 4003 156.
818 3971 844 3998 «
880 3953 1015 4003 C’est
1048 3955 1298 4018 pourquoi
1324 3955 1359 4003 il
1387 3970 1440 4003 se
1467 3954 1623 4004 servit
1654 3954 1717 4003 de
1747 3954 2052 4003 l'entremise
2078 3955 2139 4003 de
2176 3953 2337 4004 Prioli
2374 3954 2515 4014 (sio),
2537 3967 2666 4016 gen-

422 4033 688 4084 tilhomme
717 4034 967 4090 venitien,
988 4050 1118 4099 pour
1162 4035 1290 4084 faire
1321 4035 1565 4085 entendre
1592 4037 1622 4084 a
1668 4034 1721 4084 la
1749 4035 1914 4084 Reine
1945 4034 2068 4099 qu‘il
2100 4035 2239 4084 avait
2281 4034 2667 4097 d'importantes

422 4115 627 4164 affaires
653 4117 683 4164 a
707 4116 878 4178 regler
897 4131 1021 4164 avec
1053 4116 1098 4164 le
1119 4116 1215 4165 duc
1245 4116 1307 4164 de
1339 4115 1668 4179 Longueville
1690 4123 1740 4165 et
1763 4132 1861 4181 que
1887 4116 1933 4165 le
1957 4117 2129 4182 public
2154 4118 2320 4165 meme
2339 4114 2476 4163 avait
2497 4113 2666 4177 grand

421 4195 609 4243 interet
632 4193 845 4258 qu'elles
869 4210 923 4243 se
956 4196 1313 4245 terminassent
1339 4211 1405 4244 au
1440 4196 1552 4259 plus
1574 4198 1647 4244 tot
1685 4202 1831 4245 entre
1874 4211 1990 4252 eux.
2036 4196 2105 4245 Ce
2134 4194 2502 4258 gentilhomme
2544 4192 2669 4241 etait

423 4276 764 4324 secretement
797 4276 997 4326 attach&
1026 4290 1091 4324 au
1117 4276 1345 4325 cardinal
1374 4281 1425 4324 et
1468 4277 1830 4339 pensionnaire
1860 4277 1924 4326 de
1954 4277 2007 4326 la
2038 4291 2181 4326 cour.
2215 4275 2256 4324 Il
2298 4275 2464 4324 s‘etait
2505 4273 2665 4323 rendu

423 4354 664 4418 agreable
688 4358 719 4405 a
769 4354 819 4404 la
848 4357 1011 4406 Reine
1044 4371 1136 4421 par
1165 4372 1255 4405 son
1309 4356 1468 4420 esprit
1514 4361 1563 4404 et
1592 4371 1684 4421 par
1721 4356 1975 4420 plusieurs
2020 4356 2238 4406 services
2267 4353 2391 4420 qu'il
2421 4355 2490 4404 lui
2531 4354 2667 4404 avait

426 4432 616 4482 rendus
641 4449 704 4483 en
730 4433 962 4483 diverses
989 4439 1287 4485 rencontres
1315 4437 1452 4484 aussi
1481 4434 1598 4483 bien
1619 4436 1771 4498 qu'au
1795 4435 2042 4486 cardinal.
2076 4435 2229 4486 Aussi
2261 4436 2296 4484 il
2324 4434 2461 4482 n'eut
2488 4447 2580 4496 pas
2603 4432 2667 4481 de

424 4513 571 4574 peine
603 4514 634 4559 a
665 4511 796 4561 faire
828 4515 1013 4577 ugreer
1041 4514 1072 4562 ὲ
1104 4516 1158 4565 S.
1206 4515 1278 4565 M.
1306 4514 1587 4564 l’entrevue
1612 4530 1710 4579 que
1741 4514 1790 4563 le
1823 4514 2000 4578 prince
2042 4513 2258 4564 desirait
2300 4512 2443 4561 avoir
2476 4525 2598 4560 avec
2619 4511 2667 4560 le

422 4591 519 4640 duc
549 4591 612 4641 de
645 4592 976 4657 Longueville
1000 4595 1088 4659 qui
1115 4595 1199 4658 n'y
1222 4594 1397 4643 voulut
1416 4599 1656 4660 pourbant
1678 4595 1941 4644 consentit·
1959 4610 2058 4660 que
2088 4610 2175 4643 sur
2223 4594 2531 4644 l’assurance
2583 4606 2666 4641 se·-

417 4674 553 4720 crete
583 4687 681 4737 que
701 4672 872 4723 Prioli
902 4674 970 4722 lui
996 4673 1166 4724 donna
1189 4690 1284 4738 par
1310 4675 1438 4723 ecrit
1470 4674 1591 4737 qu'il
1619 4674 1821 4723 rendait
1833 4689 1902 4724 uu
1930 4675 2125 4724 service
2139 4676 2242 4724 tres
2269 4672 2510 4737 agreable
2540 4673 2570 4720 a
2595 4670 2669 4719 Sa

419 4752 655 4818 Majeste'.
693 4772 718 4801 »
