3507 5683
1203 681 1395 736 VITA
1427 685 1522 736 ET
1559 683 1938 737 SCRIPTIS
2635 685 2692 737 87

451 820 668 891 villaei
707 818 1124 913 jamdudum
1182 819 1563 910 addictum,
1614 845 1821 917 quem
1890 819 2075 892 fama
2125 833 2277 894 erat
2339 823 2699 895 historiam

453 946 690 1041 stirpis
729 945 1271 1038 Longavillanae
1346 950 1765 1044 scripturum
1802 945 1827 987 ¹
1884 973 1900 1019 ε
1947 947 2033 1019 (16
2112 956 2344 1021 autem
2410 947 2700 1023 alterius

450 1069 680 1143 libelli
730 1094 745 1140 :
800 1096 837 1141 «
878 1071 1214 1143 Desaveu
1244 1073 1347 1144 du
1386 1072 1653 1162 libelle,
1700 1083 1868 1166 etc.,
1908 1097 1946 1143 11
1978 1082 2258 1145 auctore
2296 1073 2451 1145 silet
2490 1075 2697 1146 etiam

450 1194 631 1266 liber
686 1194 911 1267 dictus
948 1217 963 1270 1
998 1223 1036 1265 «
1080 1197 1638 1294 Biblioyraphie
1664 1199 1792 1270 cles
1817 1195 2408 1270 Mazarinades2.
2443 1223 2481 1270 11
2524 1201 2698 1285 Quae

454 1344 665 1416 quum
704 1322 802 1394 ita
828 1322 995 1407 sint,
1028 1323 1211 1395 hunc
1245 1324 1566 1396 libellum
1593 1348 1633 1396 a
1663 1324 1900 1397 Priolo
1944 1323 2155 1398 fuisse
2203 1326 2690 1419 compositum,

454 1469 539 1517 ex
565 1445 1038 1541 compluribus
1060 1448 1340 1520 indiciis
1348 1504 1365 1538 ,
1392 1448 1694 1521 libenter
1713 1448 2232 1522 affirmaverim.
2259 1451 2573 1523 Primum
2593 1460 2698 1522 est

453 1580 945 1664 argumentum
975 1572 1158 1668 quod
1195 1596 1238 1645 a
1291 1570 1547 1646 famulo
1586 1573 1781 1646 ducis
1820 1598 1991 1670 opus
2012 1575 2397 1670 perfectum
2439 1599 2592 1648 esse
2614 1597 2696 1646 ex

453 1697 687 1769 verbis
718 1699 975 1794 passim
996 1699 1330 1792 conjectis
1358 1699 1599 1770 induci
1647 1709 1875 1794 potest
1895 1697 1921 1739 3
1955 1725 1970 1770 ε
2015 1702 2169 1796 quis
2210 1710 2442 1774 autem
2467 1724 2552 1772 ex
2586 1700 2698 1772 his

455 1822 571 1917 qui
620 1804 1099 1917 Longavillaeo
1152 1824 1358 1894 simul
1416 1847 1495 1894 ac
1560 1825 1915 1896 Mazarino
1971 1825 2472 1916 inserviebant,
2534 1826 2697 1898 huic

456 1946 677 2019 labori
719 1949 954 2021 Priolo
1006 1948 1233 2043 aptior
1276 1973 1292 2019 ε
1352 1948 1503 2020 (1160
1560 1951 1855 2046 amplius
1924 1976 1939 2021 :
1993 1952 2373 2037 neminem,
2443 1959 2701 2047 praeter

455 2095 635 2166 eum,
701 2074 1010 2169 reperire
1069 2083 1247 2160 erat,
1331 2075 1451 2170 qui
1514 2074 1600 2145 de
1670 2076 2209 2149 Monasteriensi
2266 2076 2545 2170 negotio
2592 2076 2701 2147 cui

452 2198 733 2269 Priolus
763 2222 889 2292 per
921 2208 1062 2270 tres
1098 2222 1317 2271 annos
1342 2197 1761 2272 interfuerat
1792 2255 1813 2292 ,
1844 2202 2040 2294 talia,
2076 2201 2373 2273 veritate
2400 2211 2469 2273 et
2489 2198 2698 2272 altis-

455 2323 629 2395 sima
670 2347 908 2395 rerum
951 2324 1197 2395 notitia
1250 2325 1453 2396 unice
1507 2324 1832 2415 subnixa,
1913 2327 2377 2421 pronuntiare
2431 2336 2691 2419 posset.

450 2449 649 2520 Vidit
668 2471 839 2521 sane
878 2448 1438 2543 Longavillaeum
1467 2448 2160 2544 magnificentissime
2183 2451 2259 2522 in
2279 2452 2696 2523 Monasterii

452 2574 709 2647 moenia
745 2573 1262 2667 ingredientem
1299 2576 1416 2671 qui
1470 2576 1569 2647 sic
1619 2576 1896 2648 locutus
1925 2585 2032 2649 est
2073 2602 2090 2647 ε
2137 2600 2173 2647 ((
2199 2574 2386 2648 Ceux
2432 2576 2549 2672 qui
2577 2585 2699 2648 ont

449 2690 695 2773 assiste
726 2698 769 2771 a
805 2699 1101 2773 l'entree
1163 2700 1257 2772 du
1301 2700 1433 2772 duc
1492 2701 1578 2773 de
1637 2702 2106 2796 Longueville
2154 2699 2332 2773 dans
2373 2702 2695 2775 Munster

451 2824 859 2899 demeurent
887 2824 1210 2899 d'accord
1250 2826 1457 2921 qu'en
1518 2828 1763 2900 choses
1814 2826 2260 2918 56111111611165,
2293 2829 2346 2900 11
2397 2853 2488 2901 116
2531 2827 2696 2902 5’651

452 2952 605 3024 rien
634 2976 727 3024 vu
772 2952 857 3025 de
904 2952 964 3024 si
997 2976 1344 3047 pompeux
1402 2951 1491 3023 de
1532 2960 1737 3025 notre
1800 2961 2026 3048 temps
2045 2957 2096 3021 4.
2129 2977 2166 3023 11
2210 2955 2414 3041 Quod
2459 2964 2691 3027 autem

451 3078 694 3150 attinet
721 3078 811 3151 ad
835 3085 1127 3150 tractata
1155 3087 1222 3149 et
1249 3079 1433 3149 inter
1472 3079 1704 3150 omnia
1732 3079 1821 3151 ad
1861 3079 2331 3174 Hispanorum
2374 3079 2460 3151 de
2506 3081 2694 3173 pacis

450 3203 953 3275 conditionibus
982 3202 1321 3299 pessimas
1351 3201 1751 3292 dilationeS,
1794 3204 1975 3274 nihil
2013 3213 2117 3275 est
2138 3205 2213 3274 in
2235 3203 2478 3276 libello
2509 3205 2694 3300 quod

450 3352 589 3400 non
629 3327 850 3400 Prioli
874 3328 1187 3400 historiae
1208 3316 1384 3399 libro
1426 3328 1691 3401 decimo
1738 3329 1841 3400 ita
1891 3338 2230 3422 congruat
2260 3338 2336 3400 ut
2364 3329 2695 3427 pleraque

451 3451 790 3525 vocabula
823 3477 862 3526 e
892 3453 1159 3526 Gallico
1197 3454 1272 3524 in
1296 3453 1622 3525 Latinum
1653 3476 1805 3526 esse
1843 3477 2054 3526 versa
2069 3454 2462 3545 videantur,
2499 3479 2695 3550 prae-

451 3588 559 3650 ter
595 3601 811 3650 unum
832 3586 1067 3651 tamen
1095 3578 1280 3675 quod
1308 3579 1705 3651 Mazarinus
1727 3602 2074 3674 nusquam
2092 3580 2165 3650 in
2188 3604 2270 3653 eo
2290 3582 2440 3653 loco
2462 3583 2692 3654 nomi-

514 3864 534 3901 1
567 3864 993 3928 Biblioyraphie
1016 3865 1105 3914 des
1136 3865 1534 3915 Mazarinades
1554 3860 1784 3926 (publiee
1813 3877 1906 3927 par
1937 3862 1990 3913 la
2009 3862 2209 3913 8061616
2246 3861 2309 3911 (16
2333 3862 2581 3912 1’11151011·6
2628 3862 2694 3913 (16

451 3946 687 4009 France)‚
718 3960 813 4011 par
838 3947 896 3995 E.
933 3945 1167 4009 More-au,
1193 3951 1228 3996 t.
1259 3945 1345 4005 let,
1369 3953 1431 3992 11ο
1456 3943 1567 4002 119,
1594 3958 1642 4006 p.
1674 3942 1755 4003 58,
1780 3942 1862 3995 59.

516 4028 539 4064 ²
573 4029 740 4088 Ibid.,
763 4031 800 4077 t.
825 4027 868 4087 1,
897 4035 957 4073 n0
979 4024 1121 4086 1053,
1155 4040 1206 4089 p.
1228 4023 1341 4074 309.

512 4110 536 4146 3
570 4109 647 4159 Cf.
670 4109 937 4167 Desaveu,
957 4111 1144 4169 etc.‚p.
1177 4107 1225 4155 4.
1258 4122 1283 4151 ο(
1310 4104 1439 4156 C'est
1471 4105 1502 4153 a
1542 4116 1679 4167 quoy
1711 4117 1842 4152 ceux
1871 4102 1957 4167 qui
1976 4100 2132 4152 liront
2164 4116 2256 4151 son
2288 4102 2526 4167 apologie
2577 4105 2694 4151 sont

449 4190 674 4255 supplies
704 4188 768 4237 de
800 4202 865 4235 ne
886 4186 1014 4236 faire
1032 4187 1176 4252 point
1203 4186 1267 4235 de
1293 4184 1546 4234 reflexion
1578 4187 1631 4231 et
1671 4182 1735 4232 de
1760 4198 1824 4231 ne
1855 4183 2021 4232 croire
2054 4197 2147 4247 pas
2181 4197 2278 4247 que
2310 4182 2386 4232 les
2418 4181 2694 4232 veritables

450 4271 725 4319 serviteurs
744 4267 813 4316 du
836 4268 935 4318 duc
954 4268 1015 4318 de
1033 4264 1363 4331 Longueville
1387 4265 1525 4315 aient
1548 4279 1613 4313 eu
1632 4278 1830 4313 aucune
1858 4270 1975 4329 part
1996 4263 2124 4313 dans
2146 4279 2215 4313 un
2240 4264 2369 4313 ecrit
2388 4264 2432 4313 si
2450 4279 2549 4328 peu
2562 4263 2695 4329 judi*

450 4365 610 4400 c1eux.
636 4367 663 4397 11

510 4431 536 4467 ⁴
568 4432 843 4490 De'saveu,
875 4444 927 4493 p.
952 4428 1033 4479 39.
1063 4426 1140 4476 Cf.
1175 4426 1333 4488 Ibid.,
1363 4441 1416 4489 p.
1447 4425 1529 4503 49.
1563 4442 1590 4472 α
1618 4424 1798 4475 Avant
1823 4440 1922 4490 que
1951 4425 2015 4474 de
2047 4425 2211 4489 partir
2247 4417 2285 4472 il
2319 4423 2696 4488 (Longueville)

449 4510 524 4560 dit
557 4525 657 4559 aux
685 4508 1082 4558 ambassadeurs
1110 4507 1176 4556 de
1199 4505 1329 4554 MM.
1355 4503 1433 4554 les
1463 4505 1610 4555 Etats
1639 4504 1730 4569 qui
1776 4506 1826 4554 le
1854 4503 2080 4569 priaient
2107 4504 2171 4554 de
2213 4505 2483 4554 demeurer
2510 4518 2699 4554 encore

447 4591 571 4656 qu'il
594 4589 753 4640 serait.
781 4590 898 4654 pret
926 4588 990 4637 de
1024 4592 1295 4637 retourner
1316 4599 1378 4633 en
1427 4591 1572 4650 poste
1613 4591 1665 4635 et
1715 4585 1780 4634 de
1810 4600 1864 4634 se
1892 4584 2078 4634 rendre
2105 4586 2137 4633 6
2160 4584 2393 4634 Μ11115161·
2423 4588 2592 4635 1011165
2619 4584 2695 4634 165

448 4674 548 4724 fois
575 4686 676 4737 que
705 4686 763 4720 sa
804 4671 1050 4735 presence
1073 4683 1105 4730 y
1133 4666 1297 4716 serait
1338 4666 1627 4716 necessaire
1659 4671 1711 4716 61.
1741 4663 1864 4730 qu'il
1900 4681 1931 4727 y
1965 4666 2130 4715 aurait
2165 4680 2448 4730 apparence
2482 4665 2547 4716 de
2577 4682 2693 4717 con-

449 4751 610 4802 clure.
641 4750 710 4799 Et
740 4749 803 4798 de
829 4749 923 4799 fait
947 4748 984 4798 il
1012 4764 1045 4813 y
1072 4746 1230 4797 laissa
1260 4761 1358 4795 son
1382 4747 1520 4797 train
1544 4746 1630 4811 qui
1659 4745 1908 4795 demeura
1940 4744 2068 4794 trois
2101 4745 2232 4793 mois
2266 4745 2420 4810 apres
2455 4744 2544 4794 lui.
2574 4765 2600 4794 11
