3507 5683
838 711 900 761 38
1509 717 1608 765 DE
1641 713 2089 764 BENJAMINI
2127 714 2402 763 PRIOLI

838 850 1037 921 nario
1070 852 1305 925 avviso
1336 877 1423 925 ne
1454 854 1522 924 fa
1556 852 2006 925 ostentationi
2033 875 2227 924 come
2257 853 2324 923 di
2367 875 2507 925 una
2536 875 2693 924 cosa
2727 851 3075 947 d’impor—

835 952 1056 1047 tanza.
1375 974 1386 985 ”

933 1101 1135 1174 «Che
1174 1125 1212 1174 e
1240 1101 1653 1175 mortificato
1691 1101 1874 1172 della
1899 1101 2320 1192 carriera(2)
2363 1104 2491 1175 che
2519 1102 2607 1173 ha
2645 1099 2851 1174 fata¹.
2885 1128 2921 1172 >³

926 1225 1102 1298 Haec
1140 1238 1306 1300 sunt
1349 1250 1503 1323 quae
1542 1227 1629 1300 de
1663 1225 1959 1299 Avossio
2011 1227 2287 1298 Priolus
2325 1227 2411 1298 ad
2457 1228 2897 1299 Mazarinum
2953 1252 3073 1302 se-

830 1363 1019 1426 creto
1077 1353 1462 1442 scribebat,
1542 1377 1701 1425 eum
1775 1355 2087 1425 vanitate
2142 1364 2209 1426 et
2260 1353 2521 1425 invidia
2587 1354 2869 1448 plenum
2920 1376 3074 1427 esse

831 1478 1138 1574 fingenS,
1171 1480 1591 1552 Servienum
1639 1489 1881 1551 contra
1931 1478 2311 1550 extollens:
2355 1476 2801 1551 conferamus
2839 1489 3072 1553 autem

829 1627 987 1700 quae
1013 1605 1099 1677 de
1141 1604 1383 1677 eodem
1423 1604 1722 1676 Avossio
1764 1603 1839 1674 in
1879 1602 2174 1676 historia
2203 1604 2485 1676 dixerit.
2539 1631 2574 1675 ε(
2615 1604 2803 1677 Obiit
2831 1604 3071 1678 eodem

829 1727 979 1800 fere
1021 1739 1327 1823 tempore
1402 1729 1734 1804 Claudius
1772 1728 2146 1800 Memmius
2207 1729 2570 1818 AvossiuS,
2621 1732 3067 1826 quinquage-

827 1855 1077 1926 simum
1119 1855 1437 1949 quintum
1469 1855 1697 1927 aetatis
1724 1878 1983 1927 annum
2019 1857 2137 1925 vix
2171 1850 2531 1947 egressus,
2574 1855 2774 1928 brevi
2809 1856 3069 1930 circulo

827 1990 1093 2053 tantam
1153 1983 1493 2054 virtutum
1553 1982 1819 2076 copiam
1871 1981 2269 2076 complexus
2317 1990 2645 2075 quantam
2702 1981 2851 2052 vix*
2885 1983 3066 2055 ullus

825 2116 1219 2200 togatorum
1250 2107 1436 2201 apud
1471 2107 1738 2178 Gallos,
1783 2107 1890 2179 Ad
1929 2107 2275 2195 ultimum,
2302 2106 2375 2176 in
2408 2116 2754 2180 conventu
2782 2107 3066 2180 Monas-

827 2233 1115 2305 teriensi
1168 2243 1237 2305 et
1302 2231 1835 2326 osnabrugensi
1894 2257 1975 2304 eo
2029 2234 2356 2327 praestitit
2422 2233 2574 2328 paci
2632 2233 3058 2323 sanciendae,

821 2358 1193 2447 industria,
1268 2358 1556 2430 solertia
1615 2367 1682 2429 et
1733 2358 1805 2427 vi
1865 2358 2079 2430 animi
2133 2368 2207 2429 ut
2262 2382 2390 2453 per
2448 2383 2609 2430 eum
2675 2367 2863 2429 certe
2921 2383 3061 2430 non

821 2485 1090 2555 steterit
1143 2484 1307 2578 quin
1357 2484 1695 2556 immenso
1755 2484 1949 2579 operi
2004 2483 2392 2577 gloriosum
2431 2484 2878 2555 corollarium
2921 2484 3063 2555 im-

819 2617 1223 2703 poneretur.
1257 2634 1293 2677 »
1351 2611 1677 2681 Procedit
1706 2610 1915 2713 etiam
1946 2610 2148 2703 paulo
2178 2618 2331 2704 post
2363 2608 2673 2702 longius.
2725 2634 2761 2679 «
2803 2609 3055 2699 Anxia,

819 2734 1069 2829 inquit,
1124 2734 1497 2828 posteritas
1562 2745 1834 2831 quaeret
1870 2759 1957 2806 ex
2014 2758 2151 2830 qua
2189 2744 2402 2827 gente
2447 2735 2703 2806 effulsit
2750 2734 2902 2805 viva
2937 2734 3061 2806 illa

819 2862 1052 2953 imago
1081 2856 1417 2932 honesti2.
1449 2886 1483 2930 »
1513 2862 1687 2933 Haec
1718 2873 1879 2932 sunt
1906 2861 2261 2955 paululum
2284 2861 2643 2933 dissimilia
2666 2860 2753 2932 ab
2778 2883 3061 2932 accusa-

817 2985 1120 3057 tionibus
1167 3009 1338 3081 quas
1380 2987 1455 3057 in
1497 2987 1748 3058 litteris
1802 2988 2090 3059 secretis
2127 2986 2216 3058 ad
2245 2988 2681 3058 Mazarinum
2711 2987 2786 3056 iu
2820 2987 3059 3060 Avos-

815 3110 999 3181 sium
1036 3111 1448 3183 intentabat.
1513 3113 1614 3184 De
1650 3112 1987 3185 Servieno
2039 3113 2112 3182 in
2160 3111 2450 3183 historia
2488 3135 2629 3183 non
2687 3111 3055 3183 admodum

783 3243 970 3333 'quae
1025 3235 1247 3309 refert
1295 3238 1601 3310 Cheruel
1650 3239 1929 3333 scripsit
1972 3263 1987 3308 ε
2047 3262 2261 3334 quum
2311 3239 2496 3309 enim
2538 3237 2750 3309 dixit:
2803 3262 2838 3307 «
2884 3236 3055 3308 Ser-

811 3362 1053 3434 vienus
1129 3363 1467 3454 legationi
1533 3364 1759 3458 aptior
1832 3365 2028 3436 visus
2094 3374 2225 3455 est,
2274 3387 2311 3432 »
2394 3364 2686 3434 credidit
2751 3359 3055 3437 Cheruel

811 3486 1009 3559 illum
1035 3488 1136 3559 sic
1160 3489 1245 3560 de
1272 3489 1642 3582 legationis
1683 3512 1957 3562 summa
1995 3489 2306 3560 locutum
2347 3511 2527 3560 esse.
2557 3488 2782 3560 Aliter
2821 3499 3052 3560 autem

813 3636 925 3684 res
966 3638 1042 3686 se
1079 3614 1330 3687 habet:
1369 3614 1552 3708 quod
1589 3616 1648 3685 si
1676 3625 1935 3687 attente
1981 3615 2292 3686 Priolum
2350 3614 2420 3683 in
2467 3613 2600 3683 hoc
2636 3614 3071 3706 legerimuS,

810 3736 1186 3810 fatebimur
1235 3763 1393 3811 eum
1452 3740 1930 3811 tautummodo
1971 3739 2113 3811 tale
2150 3739 2497 3832 judicium
2537 3738 2622 3810 de
2670 3738 3046 3831 legatione,

809 3888 961 3960 quae
997 3867 1275 3959 Hagam
1315 3868 1525 3938 missa
1561 3865 1817 3954 fuerat,
1857 3865 2128 3938 tulisse.
2166 3866 2314 3938 Nec
2349 3865 2604 3935 mirum
2634 3866 3050 3937 Servienum

804 3973 969 4059 huic
1006 3990 1283 4062 muneri
1317 3990 1612 4063 Avossio
1643 3992 1983 4085 aptiorem
2037 3988 2297 4079 fuisse‚·
2327 3989 2670 4060 Avossius
2702 3988 2889 4059 enim
2923 4011 3050 4081 pro

808 4135 934 4184 sua
970 4115 1224 4207 pietate
1263 4124 1332 4187 et
1374 4090 1811 4206 nimia'erga
1849 4097 2244 4185 Catholicos
2276 4113 2710 4207 indulgentia
2740 4114 3049 4185 Hollan-

808 4238 1054 4310 (lorum
1124 4239 1752 4333 huguenoticorum
1823 4239 1898 4308 in
1962 4238 2420 4331 suspicionem
2474 4237 2645 4331 jure
2720 4248 3041 4334 venerat.

811 4364 1024 4436 Addit
1059 4389 1266 4460 porro
1288 4365 1569 4436 Priolus
1590 4374 1746 4460 post
1777 4363 1930 4435 haec
1946 4362 2189 4434 verba.
2231 4389 2265 4433 α
2294 4364 2672 4434 Servienus
2702 4362 3050 4458 legationi

874 4696 891 4729 ¹
928 4695 1161 4743 Carnets
1189 4693 1254 4741 de
1275 4691 1568 4766 Μαεαῂίη,
1604 4698 1665 4738 n0
1696 4689 1744 4749 7,
1773 4688 1817 4737 s0
1845 4688 1920 4753 15,
1953 4699 2004 4738 r0
2033 4695 2081 4739 et
2115 4698 2188 4737 vo.

869 4773 892 4807 ²
924 4772 1148 4832 PrioluS‚
1183 4785 1253 4832 iv,
1285 4787 1340 4835 p.
1370 4772 1535 4828 54-55.
