3507 5683
810 617 869 665 84
1484 612 2067 665 DEBENJAMINI
2101 614 2379 666 PRIOLl

911 755 1038 826 ΙΙΙ.
1084 792 1184 807 -
1219 753 1333 823 De
1382 753 1535 825 vita
1572 760 1643 823 et
1668 752 1886 845 qestis
1934 752 2250 824 Henrici
2289 751 2666 824 Rolzannii
2689 752 2922 826 ducis.
2955 796 3048 808 --

816 881 1252 973 Magnopere
1282 876 1726 950 desideratur
1752 876 1905 948 haec
1928 876 2195 966 charta,
2222 901 2434 973 quum
2463 878 2746 952 Priolus
2779 902 2907 974 per
2934 902 3055 950 sex

819 1027 1070 1092 annOS‚
1087 1004 1165 1074 in
1175 1004 1358 1076 valle
1375 1003 1649 1093 Tefina,
1668 1003 2047 1075 Rohannio
2075 1002 2514 1075 inserviisset
2542 1002 3053 1077 maximarum-

820 1153 955 1226 que
993 1132 1230 1201 rerum
1261 1138 1331 1201 et
1371 1130 1565 1201 testis
1607 1137 1675 1200 et
1710 1128 2059 1223 particeps
2109 1125 2381 1200 fuisset.
2432 1128 2674 1224 Itaque
2742 1127 3056 1201 subscri--

818 1239 1123 1328 bendum
1163 1254 1517 1349 Capellani
1551 1254 1823 1325 Judicio
1844 1254 2031 1350 quod
2055 1276 2262 1348 supra
2293 1254 2367 1325 in
2395 1255 2600 1349 primi
2638 1254 2881 1350 capitis
2914 1254 3054 1326 fine

817 1382 1205 1455 retulimus,

916 1568 1042 1640 1V.
1079 1565 1321 1636 —-·De
1375 1562 1528 1637 vita
1582 1574 1651 1637 et
1701 1563 2023 1636 moribus
2090 1565 2406 1638 Caesaris
2471 1563 2923 1639 Cremonini.
2956 1607 3051 1620 —-

815 1667 1085 1788 Nempe
1111 1689 1273 1763 huic
1318 1689 1698 1785 professori
1744 1689 2100 1764 assederat
2129 1691 2412 1764 Priolus
2455 1716 2535 1764 eo
2572 1702 2883 1787 tempore
2919 1716 3052 1787 quo

821 1818 1095 1890 Patavii
1130 1840 1361 1889 aevum
1395 1816 1719 1909 degebat.

921 2009 1011 2080 V.
1067 2051 1163 2063 —
1216 2009 1383 2083 Vita
1413 2009 1850 2104 Benjamini
1879 2007 2270 2092 Prioli.,-
2305 2008 2734 2082 Crediderim
2760 2009 3055 2082 libenter

820 2134 1267 2209 Rhodianum
1289 2134 1691 2231 opusculum
1745 2133 1928 2232 quod
1963 2134 2166 2207 toties
2190 2134 2561 2207 citavimus
2594 2143 2717 2207 aut
2737 2134 3055 2207 confuta-

823 2261 1049 2335 vimus
1111 2285 1196 2333 ex
1238 2261 1458 2333 Prioli
1504 2260 1777 2333 indiciis
1817 2269 1886 2332 et
1918 2259 1992 2331 in
2027 2260 2271 2355 primis
2310 2284 2396 2332 ex
2423 2283 2504 2332 ea
2551 2261 2694 2333 vita
2745 2284 2785 2333 a
2821 2261 3056 2334 Priolo

818 2387 969 2483 ipso
1026 2387 1288 2481 scripta
1328 2408 1481 2457 esse
1534 2385 1938 2474 conflatum,
1984 2392 2060 2457 ut
2117 2386 2331 2458 tutius
2373 2384 2461 2457 de
2506 2396 2744 2459 nostro
2797 2387 3056 2480 optima

818 2511 1246 2584 dicerentur.

919 2702 1044 2772 VI.
1079 2744 1173 2755 —
1205 2699 1587 2774 Judicium
1620 2701 1715 2773 de
1740 2701 2215 2797 scriptoribus
2256 2701 2536 2774 Graecis
2555 2712 2626 2775 et
2657 2701 2929 2774 latinis.
2958 2746 3054 2759 —-

822 2825 1000 2914 Quid
1028 2825 1308 2899 Priolus
1347 2828 1435 2899 de
1473 2827 1777 2924 antiquis
1814 2827 2217 2900 auctoribus
2286 2827 2606 2918 senserit,
2650 2853 2808 2901 mox
2836 2852 3058 2925 appa-

825 2952 1032 3043 rebit,
1073 2952 1351 3050 quando
1388 2955 1474 3026 ad
1526 2954 1715 3026 illius
1753 2953 2102 3026 scribendi
2131 2954 2471 3026 rationem
2508 2954 2892 3027 veniemus,

919 3144 1075 3215 VII.
1120 3187 1214 3197 —
1256 3145 1772 3240 Epistolarum
1816 3145 2158 3218 senilium
2192 3148 2293 3218 ad
2325 3147 2685 3219 maoeimos
2727 3148 3058 3241 Europae

816 3291 1154 3363 proceres
1208 3269 1546 3342 centuria
1590 3270 2017 3363 simulari&
2074 3314 2168 3325 —
2223 3272 2391 3358 Quis
2437 3271 2651 3344 fuerit
2686 3272 2802 3343 hic
2843 3271 3047 3361 liber,

819 3393 1159 3468 hactenus
1227 3395 1435 3489 plane
1478 3394 1670 3468 latet.
1734 3395 1971 3493 Lectio
2011 3396 2198 3468 tituli
2246 3406 2491 3469 certa:
2571 3396 3056 3492 interpretatio

820 3520 1051 3583 autem
1090 3510 1601 3583 incertissima.

919 3635 1334 3708 Addendum
1398 3654 1688 3732 prorsus
1747 3638 2286 3710 commentarios
2339 3639 2703 3710 Rohannii
2748 3638 2949 3712 ducis
2973 3639 3058 3710 de

823 3761 1009 3833 bello
1047 3763 1125 3832 in·
1161 3759 1350 3833 valle
1398 3761 1648 3834 Telina
1674 3770 1877 3855 gesto
1916 3787 1956 3833 a
1996 3762 2416 3859 quibusdam
2454 3763 2689 3835 Priolo
2723 3747 3085 3858 assigna-'

823 3895 930 3958 tos
989 3909 1179 3978 esse3
1239 3886 1564 3980 opinatur
1620 3887 1752 3958 hoc
1800 3887 1879 3957 Ρ.
1944 3886 2248 3974 Griffet:
2304 3888 2595 3959 assentit
2648 3888 3058 3962 auctoritate

686 4086 689 4089 ,
826 4011 1250 4106 gravissima
1271 4011 1635 4083 S‘0-Beuve
1673 4011 1747 4081 in
1779 4010 1959 4082 libro
1991 4011 2171 4084 dicto
2200 4035 2216 4081 ε
2259 4013 2651 4085 Causeries
2679 3982 2782 4086 εἷα
2814 4013 3051 4087 lundi.

825 4137 906 4207 In
946 4160 1085 4233 quo
1115 4138 1453 4230 scriptum
1492 4145 1598 4206 est
1634 4161 1650 4205 ε
1701 4162 1737 4206 «
1766 4136 1947 4211 Tout
1983 4137 2133 4208 cela
2164 4148 2269 4211 est
2299 4137 2440 4211 fort
2464 4133 3059 4233 'seigneusement

828 4262 1097 4334 demele
1125 4263 1299 4345 dans
1320 4261 1424 4334 les
1464 4262 1845 4333 Memoires
1886 4287 2007 4334 sur
2040 4263 2110 4335 la
2151 4287 2414 4357 guerre
2436 4265 2521 4338 de
2558 4266 2628 4337 la
2668 4267 3052 4358 Valteline‚

825 4388 941 4480 qui
963 4411 1051 4459 ne
1073 4397 1233 4459 sont
1262 4412 1386 4482 pas
1417 4387 1503 4458 de
1532 4387 1817 4479 Rohan,
1839 4389 2018 4460 mais
2040 4390 2158 4485 qui
2178 4400 2336 4464 sont
2364 4394 2510 4464 tres
2531 4392 3060 4487 probablement

831 4514 916 4584 de
956 4504 1083 4584 son
1124 4514 1503 4609 secretaire
1530 4515 1778 4586 intime
1800 4523 1867 4585 et
1906 4516 2546 4589 confidentPriolo.
2572 4516 2860 4605 Petitot,
2885 4516 3062 4588 dans

828 4659 906 4708 sa
940 4637 1303 4710 collection
1369 4638 1456 4708 de
1522 4640 1930 4730 MemoireS,
1993 4641 2097 4712 dit
2133 4665 2264 4737 que
2330 4643 2388 4714 si
2434 4639 2580 4712 l'on
2618 4663 2941 4735 compare
2982 4664 3061 4713 ce
