3507 5683
1234 671 1424 722 vrrA
1457 673 1553 723 ET
1585 671 1968 725 SCRIPTIS
2662 674 2726 725 93

470 808 854 903 scripserit.
907 808 1158 905 Neque
1199 810 1484 900 mirum,
1553 830 1770 902 quum
1813 809 1981 881 vitae
2051 819 2388 883 anteactae
2448 810 2726 883 ratione

470 932 907 1028 naturalique
947 933 1033 1005 ad
1094 936 1340 1022 otium,
1406 934 1563 1007 dico
1606 933 1929 1027 ampliuS,
1980 934 2071 1005 ad
2138 935 2501 1030 pigritiam
2550 956 2725 1030 pro-

471 1057 824 1133 clivitate¹
874 1067 1069 1131 tanto
1123 1059 1354 1132 labori
1405 1060 1691 1132 minime
1742 1082 1875 1154 par
1929 1059 2289 1133 videretur
2353 1058 2520 1132 licet
2575 1062 2727 1155 ipse

366 1223 375 1229 ·
472 1208 654 1275 sese,
715 1183 1070 1256 nonnullis
1130 1186 1205 1255 in
1276 1185 1444 1257 locis
1503 1194 1574 1258 et
1645 1186 1718 1256 in
1794 1185 2042 1280 primis
2103 1186 2178 1256 in
2245 1184 2558 1279 epistolis
2633 1183 2725 1256 ad

469 1308 877 1381 Golbertum
948 1308 1438 1381 honestissimo
1508 1310 1826 1382 historici
1908 1310 2192 1381 nomine
2273 1317 2521 1404 sponte
2596 1333 2723 1383 sua

471 1435 912 1507 decoraverit
944 1460 960 1505 ε
1000 1459 1038 1507 <c
1084 1435 1350 1509 J'imite
1385 1435 1487 1509 les
1529 1436 1818 1508 anciens
1855 1458 1945 1507 en
1981 1444 2134 1508 tout
2172 1444 2241 1507 et
2266 1457 2393 1531 par
2442 1444 2618 1526 tout,
2651 1446 2722 1508 et

469 1566 694 1658 garde
736 1539 841 1636 les
883 1556 1123 1658 regles
1161 1562 1248 1635 de
1288 1561 1662 1636 l’histoire.
1728 1561 1984 1635 J'ecris
2034 1585 2211 1657 pour
2265 1560 2369 1633 les
2441 1563 2722 1634 nations

471 1692 919 1784 etrangereS,
1000 1697 1070 1762 et
1131 1689 1289 1783 plus
1332 1712 1506 1784 pour
1563 1690 1631 1761 la
1668 1687 2005 1784 posterite
2053 1711 2185 1782 que
2204 1710 2385 1784 pour
2405 1712 2581 1761 ceux
2603 1689 2724 1785 qui

470 1813 930 1908 aujourd’hui
978 1813 1221 1886 vivent
1247 1814 1287 1885 a
1328 1814 1554 1887 Paris.
1590 1811 1731 1887 J’ai
1767 1811 1896 1885 fait
1942 1813 2098 1884 voir
2135 1835 2299 1887 mon
2331 1835 2652 1907 ouvrage
2681 1812 2724 1885 a

469 1948 699 2014 toutes
736 1949 964 2013 sortes
1000 1939 1285 2032 degens
1324 1937 1649 2035 capables
1715 1938 1879 2011 d'en
1906 1940 2147 2033 juger.
2223 1939 2411 2012 Tous
2454 1948 2724 2012 restent

471 2065 798 2140 d’accord
826 2087 962 2160 que
999 2072 1150 2137 tout
1204 2088 1284 2137 ce
1325 2066 1447 2160 qui
1482 2073 1587 2136 est
1642 2064 1729 2137 de
1791 2062 1950 2160 plus
2004 2064 2501 2159 remarquable
2536 2089 2590 2160 y
2617 2074 2723 2137 est

470 2191 633 2264 bien
655 2190 924 2275 decrit3
964 2190 1141 2263 mais
1156 2189 1235 2283 je
1265 2189 1409 2261 n'ai
1437 2210 1563 2283 pas
1578 2188 1827 2283 jugea
1864 2211 2123 2283 propos
2153 2187 2499 2262 d'inserer
2529 2189 2722 2263 mille

467 2315 861 2410 bagatelles
890 2315 1217 2408 indignes
1245 2315 1331 2386 de
1368 2313 1438 2385 la
1474 2313 1756 2408 gravite
1820 2313 1908 2385 de
1948 2312 2320 2385 l’histoire.
2354 2314 2397 2385 J
2402 2337 2441 2385 e
2464 2311 2722 2386 n’ecris

467 2462 595 2535 pas
622 2462 716 2509 un
736 2437 1027 2532 journal
1065 2438 1137 2507 ni
1167 2438 1290 2511 des
1324 2436 1718 2508 memoireS.
1753 2436 1795 2508 J
1805 2435 2049 2510 ’avoue
2085 2460 2222 2532 que
2254 2459 2428 2509 ceux
2456 2437 2578 2534 qui
2616 2438 2720 2511 les

469 2565 785 2636 ecrivent
823 2562 1138 2656 obligent
1171 2562 1241 2635 le
1278 2584 1504 2657 genre
1532 2563 1846 2634 humain.
1884 2562 2069 2634 Mais
2099 2585 2178 2634 ce
2206 2560 2385 2635 n’est
2404 2585 2531 2658 pas
2552 2588 2719 2636 mon

468 2690 633 2762 titre
662 2711 795 2785 que
830 2687 1127 2761 Journal
1158 2689 1232 2758 ni
1263 2688 1663 2760 Memoires.
1691 2685 1878 2761 C’est
1917 2712 2058 2761 une
2076 2688 2370 2761 histoire
2399 2689 2517 2784 qui
2543 2711 2586 2761 a
2608 2713 2721 2762 ses

468 2812 731 2907 regleS‚
791 2812 1167 2910 lesquelles
1205 2812 1517 2908 j'estime
1572 2814 1772 2887 avoir
1833 2799 2413 2907 religieusement
2466 2813 2720 2887 obser-
2817 2799 2822 2808 ’
2909 2886 2916 2893 .

469 2946 634 3014 vees
660 2938 712 3012 ².
748 2966 783 3011 »
818 2939 1026 3014 Talia
1045 2941 1120 3011 in
1161 2938 1585 3033 praefatione
1610 2940 1926 3012 historiae
1966 2939 2058 3012 ad
2098 2938 2464 3031 lectorem,
2500 2940 2654 3013 fere
2682 2966 2721 3013 e

466 3066 736 3140 Gallica
771 3066 1024 3160 lingua
1064 3067 1137 3137 in
1180 3065 1474 3138 latinam
1520 3066 1976 3161 transcripta,
2008 3066 2239 3159 jactat
2275 3093 2290 3138 ε
2335 3091 2372 3136 «
2405 3067 2566 3140 Non
2608 3092 2721 3139 me

464 3189 745 3264 effundo
789 3191 865 3262 in
922 3190 1327 3285 singulares
1390 3192 1893 3263 narrationes:
1948 3190 2396 3287 breviloquio
2475 3191 2717 3264 forsan

466 3318 697 3389 omnia
737 3315 1183 3410 complector,
1226 3315 1380 3387 ideo
1421 3316 1845 3410 repetitione
1873 3339 2048 3407 opus
2083 3325 2152 3388 et
2182 3317 2440 3413 saepius
2460 3317 2719 3410 legen—

466 3442 599 3513 dus
653 3464 906 3513 sum...
976 3441 1165 3511 Laxo
1236 3440 1601 3513 historiam
1670 3442 2147 3514 avocamentis
2184 3467 2200 3513 ε
2242 3442 2718 3535 digressiones

466 3567 729 3661 vulgus
752 3575 1048 3639 vocat...
1072 3589 1110 3636 »
1125 3567 1193 3638 N
1197 3590 1288 3638 on
1310 3567 1515 3639 aliter
1533 3567 1604 3638 in
1631 3575 1885 3663 quarto
1907 3554 2089 3638 libro
2112 3567 2426 3663 loquitur
2447 3592 2463 3639 z
2487 3592 2526 3638 «
2556 3568 2716 3640 Dixi

467 3700 802 3788 quantum
843 3689 933 3763 ad
968 3691 1427 3763 historiarum
1470 3695 1643 3764 satis
1686 3702 1816 3765 est.
1874 3694 2119 3787 Neque
2192 3693 2382 3763 enim
2414 3716 2544 3787 ego
2600 3703 2718 3766 aut

467 3816 1012 3890 commentarios
1050 3827 1173 3889 aut
1199 3817 1427 3890 diaria
1470 3817 1700 3890 scribo
1726 3817 1779 3889 3.
1821 3818 2152 3890 Attamen
2192 3817 2438 3890 volens
2469 3818 2716 3891 nolens

467 3941 742 4013 Priolus
776 3916 1319 4042 commentarios
1342 3943 1618 4038 scripsit
1653 3968 1668 4013 :
1701 3965 1931 4036 neque
1961 3943 2145 4014 enim
2175 3942 2378 4015 aliter
2412 3966 2527 4014 res
2561 3942 2713 4015 fieri

465 4067 711 4160 potuit.
747 4066 903 4162 Ipse
937 4067 1010 4137 in
1049 4066 1467 4161 praefatione
1495 4069 1648 4161 jam
1684 4068 1896 4140 citata
1925 4067 2285 4153 inimicum
2345 4068 2714 4164 quemdam

465 4192 565 4265 sic
600 4192 984 4288 alloquitur
1022 4218 1036 4264 ε
1079 4218 1116 4263 «
1152 4193 1377 4284 SciaS,
1422 4218 1461 4265 o
1504 4193 1761 4266 blenne
1789 4193 2113 4288 quisquis
2171 4217 2274 4285 eS‚
2325 4193 2715 4267 familiares

464 4318 632 4390 mihi
656 4342 698 4390 a
734 4342 949 4412 puero
980 4320 1302 4414 antiquos
1358 4321 1738 4414 scriptores
1767 4321 1844 4391 in
1887 4321 2051 4393 aula
2091 4330 2158 4393 et
2186 4321 2262 4393 in
2283 4321 2535 4394 castris
2575 4322 2712 4393 ali-

534 4577 554 4611 ¹
591 4579 721 4628 Osor
748 4579 961 4638 laboriS‚
993 4579 1159 4642 inquit
1187 4581 1446 4631 Rhodius.

524 4661 547 4697 2
581 4661 727 4711 Lett.
762 4660 928 4716 ine'd„
959 4673 1062 4713 xu.
1084 4674 1135 4723 p.
1164 4658 1240 4708 19.

525 4743 548 4778 3
582 4739 804 4799 PrioluS‚
831 4754 961 4804 ινφ.
996 4739 1073 4788 10.
