3507 5683
1243 699 1436 750 VITA
1470 699 1567 749 ET
1602 699 1983 750 SCRIPTIS
2649 703 2741 753 103

495 835 721 927 gloire
758 835 844 907 de
889 836 1012 931 qui
1037 813 1133 909 l’av
1160 838 1480 909 meritee.
1522 839 1607 909 Je
1649 837 1792 907 suis
1821 836 2162 929 persuade
2191 836 2397 933 qu’en
2426 850 2637 911 usant
2654 840 2739 913 de

493 960 561 1030 la
588 970 778 1032 sorte
811 960 887 1054 je
909 960 1017 1032 dis
1034 959 1106 1033 13
1132 962 1384 1032 verite.
1422 960 1610 1034 C'est
1638 959 1994 1055 beaucoup
2031 988 2047 1033 ε
2083 984 2202 1034 car
2238 963 2741 1037 certainement

494 1083 597 1172 c’a
625 1089 734 1157 ete
770 1109 865 1156 un
884 1087 1030 1158 tres
1058 1085 1291 1180 grand
1318 1086 1594 1157 homme
1615 1083 1727 1156 ¹.»
1761 1085 1865 1157 Eo
1893 1086 2121 1180 magis
2141 1087 2421 1159 Priolus
2453 1099 2736 1183 propter

494 1209 783 1283 nimiam
817 1211 894 1282 in
928 1212 1362 1283 Mazarinum
1382 1212 1690 1305 gratiam
1721 1211 2228 1305 vituperandus
2250 1236 2383 1308 quo
2411 1214 2642 1285 minus
2660 1215 2737 1284 in

496 1334 1054 1409 benevolentiam
1074 1359 1248 1430 erga
1276 1336 1455 1409 alios
1485 1338 1805 1409 homines
1842 1345 2089 1409 natura
2115 1337 2328 1408 animi
2357 1338 2641 1433 propria
2669 1348 2738 1410 et

493 1458 642 1554 ipso
661 1459 934 1553 ingenii
962 1470 1207 1534 tenore
1238 1461 1573 1555 proclivis
1610 1484 1766 1533 esse
1796 1460 2142 1533 videatur.
2189 1460 2542 1543 Quantum
2585 1460 2737 1536 fue-

495 1584 590 1656 rit
618 1606 781 1656 acer
801 1595 870 1659 et
893 1586 1214 1673 mordaX,
1259 1585 1631 1658 dummodo
1681 1608 2102 1681 quemquam
2135 1586 2424 1679 impune
2475 1585 2736 1659 laedere

495 1721 757 1803 posset,
796 1732 895 1784 ex
916 1713 977 1805 ej
990 1736 1072 1784 us
1103 1711 1400 1784 historia
1429 1711 1692 1806 passim
1723 1719 1793 1783 et
1825 1710 2135 1805 epistolis
2164 1712 2500 1806 suspicari
2517 1711 2730 1785 libet:

495 1834 957 1927 profitebatur
985 1837 1136 1932 ipse
1152 1836 1300 1909 sale
1317 1852 1386 1909 et
1435 1843 1632 1908 aceto
1663 1837 1926 1929 scripta
1955 1857 2082 1906 sua
2116 1836 2510 1908 necessario
2542 1837 2735 1908 indi—

498 1983 714 2053 gere:
752 1985 789 2031 «
830 1962 916 2033 Je
959 1961 1282 2055 pourrais
1322 1959 1497 2032 faire
1534 1961 1896 2055 imprimer
1943 1984 2022 2032 ce
2063 1984 2193 2056 que
2219 1959 2346 2054 j’ai
2382 1960 2541 2055 deja
2577 1960 2729 2048 fait,

494 2085 670 2156 mais
696 2109 962 2157 comme
990 2085 1069 2179 je
1112 2109 1201 2159 ne
1235 2085 1594 2181 pardonne
1617 2086 1660 2157 a
1685 2109 2062 2179 personne,
2089 2087 2168 2180 je
2208 2084 2623 2157 m’attirerai
2667 2086 2735 2157 le

493 2232 837 2281 courroux
859 2209 946 2281 de
962 2209 1316 2305 beaucoup
1339 2210 1424 2282 de
1449 2234 1624 2303 gens
1655 2209 2002 2306 qualifieS,
2030 2220 2098 2282 et
2118 2212 2177 2281 si
2188 2209 2364 2303 j'ote
2394 2234 2473 2282 ce
2522 2211 2629 2282 sel
2664 2220 2734 2283 et

496 2357 574 2405 ce
625 2335 969 2429 vinaigre,
995 2334 1366 2429 l'ouvrage
1385 2335 1636 2407 n’aura
1671 2335 1827 2429 plus
1879 2334 1965 2406 de
1991 2337 2231 2428 grace.
2268 2333 2477 2407 Voila
2504 2358 2582 2407 ce
2608 2337 2729 2430 qui

492 2481 599 2531 me
638 2458 867 2532 donne
896 2459 985 2530 de
1013 2459 1083 2532 13
1121 2461 1328 2555 peine
1361 2457 1413 2531 2.
1456 2485 1492 2530 »
1536 2459 1856 2531 Rhodius
1901 2469 2258 2532 asseverat
2306 2485 2462 2533 eum
2504 2458 2729 2533 fuisse

489 2584 798 2656 moribus
818 2584 1177 2673 blandum,
1198 2584 1686 2657 beneficiorum
1718 2608 2125 2673 memorem,
2143 2585 2428 2679 injuriae
2449 2577 2588 2656 non
2616 2587 2732 2658 iti-

487 2709 646 2779 dem
684 2734 701 2780 :
729 2734 890 2805 quae
928 2719 1159 2782 autem
1193 2710 1452 2805 optimo
1470 2720 1536 2783 et
1555 2712 1725 2782 item
1755 2709 2240 2782 credulissimo
2262 2709 2539 2783 Rhodio
2562 2709 2731 2783 fides

490 2833 581 2905 sit
620 2833 968 2927 habenda,
1006 2837 1159 2931 jam
1208 2836 1381 2908 satis
1435 2859 1781 2932 superque
1825 2834 2477 2907 demonstravimus.
2534 2834 2730 2907 Adeo

486 2959 679 3029 enim
716 2959 848 3033 fuit
878 2961 1375 3033 beneficiorum
1413 2984 1680 3033 memor
1717 2959 2023 3049 Priolus,
2068 2969 2146 3031 ut
2172 2959 2726 3053 Longavillaeum

489 3083 730 3157 ducem
757 3086 985 3180 primo
1012 3086 1085 3156 in
1106 3086 1286 3158 libro
1305 3086 1645 3173 historiae,
1674 3083 1810 3155 sibi
1832 3084 2310 3156 tantummodo
2329 3085 2415 3155 ob
2444 3084 2623 3157 bene
2647 3084 2724 3154 in

492 3232 566 3281 se
612 3213 860 3284 merita
909 3221 1177 3300 notum,
1228 3211 1641 3306 gravissime
1689 3209 2061 3282 offenderit
2086 3206 2137 3280 ³.
2186 3209 2424 3281 Doluit
2468 3209 2729 3302 injuria

489 3344 767 3431 accepta
814 3337 1334 3430 Longavillaeus
1368 3391 1386 3426 ,
1441 3345 1511 3406 et
1578 3334 2044 3407 audacissimo
2106 3333 2727 3428 ingratissimoque

490 3462 812 3556 scriptori
842 3464 1076 3535 nescio
1109 3460 1429 3556 quaedam
1453 3461 1760 3532 minatus
1791 3469 1935 3531 est:
1964 3481 2104 3552 quo
2122 3457 2384 3547 audit0,
2410 3456 2718 3547 PrioluS,

488 3586 777 3682 periculi
821 3587 1246 3659 imminentis
1297 3586 1579 3675 anxius,
1629 3586 1808 3656 iram
1859 3582 2054 3656 ducis
2094 3582 2396 3654 demissa
2426 3581 2722 3675 epistola

489 3710 853 3807 deprecari
874 3720 1166 3785 conatus
1204 3721 1312 3785 est
1336 3738 1352 3783 ε
1381 3712 1467 3783 de
1493 3733 1628 3806 qua
1649 3708 1904 3803 optime
1924 3706 2013 3779 ad
2036 3706 2595 3800 Longavillaeum
2623 3707 2723 3777 sic

488 3837 758 3910 locutus
788 3848 894 3910 est
913 3836 1357 3933 Capellanus.
1394 3834 1752 3921 «Quanta
1802 3833 1872 3904 la
1906 3832 2493 3905 communication
2546 3830 2720 3928 qu'il

548 4111 568 4147 ¹
605 4111 750 4161 Lett.
780 4111 961 4167 ineu„
994 4124 1092 4169 vn,
1122 4123 1173 4172 p.
1210 4108 1288 4157 13.

548 4191 573 4226 2
607 4191 757 4251 Ibid.,
782 4192 877 4250 ΙΙΙ,
911 4206 962 4254 p.
991 4188 1039 4239 6.
1070 4187 1150 4237 Cf.
1185 4188 1403 4250 Lenglet
1434 4186 1742 4247 Dufresnoy,
1768 4185 2041 4241 Me'thode,
2074 4189 2192 4243 etc„
2226 4198 2302 4243 iv,
2323 4197 2374 4246 p.
2404 4179 2511 4229 106.
2541 4179 2720 4231 «C'est

484 4285 555 4319 un
582 4276 762 4320 auteur
788 4270 1046 4332 satyrique
1062 4274 1111 4316 et
1126 4266 1214 4331 qui
1235 4282 1455 4330 manque
1467 4270 1680 4314 souvent
1710 4264 1775 4313 de
1810 4264 2092 4329 jugement.
2120 4281 2144 4310 »

548 4350 571 4385 3
605 4348 827 4406 PrioluS‚
850 4351 891 4408 Ι,
915 4365 963 4412 p.
989 4346 1069 4408 21,
1091 4347 1170 4395 22.
1190 4345 1565 4408 Longavillaeus
1597 4344 1724 4394 obiit
1757 4350 1953 4393 tantum
1981 4342 2389 4391 duodevicesimo
2423 4342 2506 4391 die
2530 4342 2718 4390 mensis

484 4429 606 4478 maii
631 4443 764 4477 anno
793 4427 934 4487 1663,
964 4432 1020 4474 ut
1052 4430 1249 4475 constat
1286 4441 1346 4474 ex
1372 4425 1556 4474 litteris
1602 4424 1804 4473 Patini:
1836 4441 1863 4469 α
1885 4423 2150 4472 Monsieur
2182 4421 2244 4470 de
2277 4419 2607 4482 Longueville
2643 4425 2720 4468 est

480 4512 618 4557 mort
635 4510 665 4557 a
696 4510 880 4558 Rouen
897 4522 959 4555 ex
979 4504 1171 4569 duplici
1190 4505 1397 4569 quidem
1424 4504 1566 4553 febre
1585 4504 1806 4553 tertiana
1839 4509 1889 4551 et
1907 4502 2105 4551 duabus
2136 4501 2346 4550 dosibus
2374 4501 2479 4549 vini
2504 4499 2719 4549 antimo—

481 4588 630 4637 nialis
651 4588 869 4647 emetiei,
893 4586 1064 4635 verius
1078 4585 1280 4644 enetici‚
1301 4600 1418 4633 cum
1437 4588 1512 4633 tot
1529 4584 1762 4633 homines
1782 4587 2010 4632 enecet.»
2045 4582 2261 4631 Lettres
2278 4582 2344 4629 de
2368 4582 2493 4642 Guy
2517 4581 2716 4630 Patin.

479 4668 577 4719 Ed.
631 4667 772 4718 1691.
826 4665 1073 4730 Cologne,
1101 4666 1221 4714 chez
1254 4665 1436 4714 Pierre
1492 4666 1558 4714 du
1601 4667 1851 4715 Laurens,
1880 4663 1942 4711 T.
1978 4664 2042 4723 11,
2074 4677 2125 4726 p.
2156 4662 2269 4710 555.
2319 4664 2509 4711 Lettre
2543 4674 2716 4719 σοῖσι,

483 4750 552 4799 du
576 4749 636 4798 18
664 4750 764 4797 mai
792 4746 933 4796 1663.
