3507 5683
883 647 946 697 40
1553 648 1654 699 DE
1687 647 2136 699 BENJAMINI
2173 648 2448 699 PRIOLI

883 782 1149 855 alienos
1200 783 1273 853 id
1320 806 1531 854 unum
1568 783 1792 854 moliri
1841 793 1915 855 ut
1949 806 1991 855 a
2018 783 2235 857 Gallis
2272 783 2489 855 socios
2524 781 3042 854 abstraherent.
3076 806 3115 851 »

881 907 1096 980 Addit
1120 908 1208 980 ad
1236 909 1392 980 haec
1421 907 1723 979 Priolus.
1788 909 2000 979 «Hoc
2020 906 2476 1003 autographis
2505 906 2673 977 mihi
2718 929 2858 981 non
2901 903 3120 977 semel

885 1032 1080 1105 lectis
1113 1033 1407 1128 probatu
1440 1031 1710 1103 facile¹.
1743 1057 1783 1102 »
1818 1034 1992 1119 Quae
2027 1056 2234 1127 quum
2274 1054 2460 1104 anno
2487 1030 2673 1102 1647
2703 1039 3112 1125 agerentur,
3202 1067 3208 1073 ·

882 1157 1440 1230 concludendum
1502 1166 1606 1230 est
1653 1157 1970 1229 Priolum
2011 1156 2196 1252 apud
2234 1156 2478 1228 ducem
2522 1154 2777 1228 scribae
2832 1177 3121 1226 munere

884 1307 1102 1380 usque
1143 1286 1233 1357 ad
1280 1283 1493 1356 finem
1530 1281 1850 1355 ‹functum
1912 1305 2099 1372 esse,
2161 1291 2230 1354 et
2278 1282 2622 1355 Lutetiam
2682 1280 3120 1353 Parisiorum

883 1409 1123 1482 eodem
1151 1419 1463 1506 tempore
1491 1408 1939 1481 remeavisse.
2040 1476 2048 1485 .
3023 1508 3030 1513 ,

979 1537 1263 1610 Certum
1297 1543 1406 1607 est
1434 1535 1884 1607 nihilominus
1910 1534 2156 1609 ducem
2186 1536 2743 1630 Longavillaeum
2780 1535 2850 1606 in
2881 1534 3119 1608 aulam

884 1668 1291 1732 maerentem
1349 1659 1833 1754 dolentemque
1890 1659 2070 1754 quod
2141 1658 2271 1731 sibi
2341 1659 2630 1735 ablatus·
2689 1669 2871 1733 esset
2931 1658 3121 1754 pacis

882 1785 1129 1870 honos,
1200 1772 1565 1856 reversum
1627 1806 1810 1875 esse,
1871 1807 2096 1879 neque
2156 1784 2318 1857 huic
2371 1785 2772 1880 benignitas
2852 1786 3121 1878 reginae

882 1932 1391 2005 concessusque
1435 1908 1716 1980 tandem
1746 1908 2021 1980 consilii
2066 1910 2246 2004 regii
2292 1911 2520 1982 aditus
2568 1910 2832 1982 mederi
2870 1910 3121 1982 value-

885 2031 1116 2109 1=unt².
1152 2032 1508 2106 Incidebat
1541 2057 1830 2129 prorsus
1857 2035 1932 2105 in
1961 2035 2371 2131 incipientes
2390 2035 2659 2107 Fundae
2691 2043 2916 2107 motus
2934 2035 3119 2106 inci—

883 2161 1303 2257 tabaturque
1334 2183 1542 2255 quum
1573 2159 1811 2232 indole
1834 2159 2031 2231 varia
2062 2169 2130 2231 et
2166 2158 2616 2248 inconstanti,
2651 2170 2792 2232 tum
2817 2167 3120 2251 acceptae

882 2310 1012 2382 pro
1077 2306 1204 2358 sua
1254 2284 1580 2379 opinione
1641 2284 1932 2378 injuriae
1967 2285 2300 2357 memoria
2368 2294 2443 2355 ut
2488 2283 2642 2378 ¹jam
2699 2281 3119 2356 adolescenti

887 2409 1261 2483 rebellioni
1372 2410 1793 2482 adhaereret.
1874 2409 2171 2482 Talibus
2250 2418 2488 2481 autem
2547 2408 2752 2481 rebus
2766 2462 2784 2498 ,
2826 2410 3118 2503 gravio-

887 2560 1001 2608 res
1037 2535 1267 2608 adhuc
1312 2534 1555 2607 forsan
1594 2559 1804 2631 quam
1862 2545 2067 2630 antea
2116 2544 2352 2627 partes
2408 2534 2664 2631 quibus
2721 2534 2907 2630 apud
2966 2557 3119 2606 eum

885 2659 1316 2755 fungebatur
1383 2659 1662 2733 Priolus
1733 2659 2023 2750 fiebant,
2098 2680 2311 2755 quum
2365 2659 2505 2732 dux
2555 2684 2679 2755 per
2723 2685 2798 2733 se
2839 2682 3116 2753 praepo-

890 2797 1068 2877 tenS,
1124 2786 1583 2860 Normanniae
1634 2787 2071 2880 gubernator
2123 2796 2193 2859 et
2246 2785 2438 2859 nothi
2481 2785 2743 2881 regalis
2777 2808 3121 2882 pronepos

889 2935 969 2984 eo
1037 2911 1248 2984 etiam
1301 2911 1634 2983 minacior
1685 2911 2069 2996 videretur,
2131 2911 2314 3006 quod
2371 2934 2681 2983 sororem
2733 2910 3121 3006 principum

887 3035 1173 3108 Condaei
1210 3046 1280 3109 et
1325 3037 1553 3111 Contii
1590 3037 1661 3107 in
1711 3038 2234 3109 matrimonium
2274 3037 2589 3109 duxisset
2626 3046 2695 3108 et
2723 3036 3119 3120 Condaeana
3188 3079 3199 3089 ·

888 3174 1064 3253 rate,
1119 3171 1195 3235 ut
1245 3161 1481 3234 verbis
1529 3162 1747 3257 ipsius
1793 3163 2016 3234 Prioli
2065 3173 2253 3254 utar,
2313 3186 2531 3257 usque
2581 3162 2671 3234 ad
2722 3161 2906 3234 hanc
2941 3163 3120 3234 diem

890 3288 1292 3381 navigasset
1310 3285 1360 3356 3.
1411 3286 1656 3382 Itaque
1702 3312 1827 3383 per
1856 3290 2162 3383 quinque
2190 3311 2439 3379 annOS,
2492 3299 2576 3361 ut.
2605 3267 2791 3359 ultra
2827 3289 3121 3360 demon—
3200 3354 3210 3363 .

890 3412 1257 3501 strabitur,
1275 3411 1558 3483 Priolus
1578 3410 1709 3485 fuit
1733 3413 1919 3507 apud
1946 3414 2406 3503 Mazarinu-m,
2426 3437 2564 3484 non
2594 3414 2819 3484 solum
2849 3414 3121 3507 Longa-

885 3536 1099 3608 villaei
1128 3536 1493 3629 duciS,sed
1524 3533 1739 3609 etiam
1761 3537 1943 3634 quod
1973 3539 2287 3631 gravius,
2317 3537 2828 3631 Longavillaeae
2849 3541 3119 3611 etCon-

886 3662 1272 3757 daei‘ipsius
1301 3685 1717 3735 arcanorum
1749 3663 2126 3751 revelator,
2161 3686 2377 3760 quum
2399 3663 2538 3734 sibi
2568 3639 2892 3735 fiduciam
2913 3664 3123 3736 totius

885 3786 1614 3859 domus'Condaeanae
1673 3787 2101 3861 astutissime
2156 3788 2611 3860 devinxisset.
2665 3787 2962 3860 Difficile
3020 3798 3122 3860 est

886 3910 1239 3982 intellectu
1279 3912 1620 4006 quomodo
1652 3936 1771 3985 res
1802 3912 1901 3982 sic
1922 3936 1997 3985 se
2014 3912 2235 4006 egerit
2253 3936 2378 4007 per
2396 3921 2495 3983 tot
2531 3935 2749 3984 annos
2780 3921 2858 3983 ut
2889 3922 3123 3987 noster

884 4032 1035 4106 fere
1059 4036 1146 4105 ab
1174 4035 1364 4106 omni
1393 4036 1784 4131 suspicione
1814 4037 2091 4132 integer
2112 4039 2442 4108 evaserit.
2470 4037 2706 4127 Hunc,
2743 4047 2819 4109 ut
2842 4039 3114 4133 opinor,

886 4157 1266 4231 tuebantur
1304 4169 1374 4232 et
1417 4161 1721 4232 maxima
1777 4161 2041 4254 ingenii
2092 4162 2374 4234 solertia
2412 4171 2479 4232 et
2522 4160 2716 4234 ducis
2754 4163 3119 4234 Rohannii

887 4287 1222 4358 memoria
1242 4287 1352 4357 cui
1384 4286 1550 4358 olim
1568 4287 1988 4378 inservierat
2015 4313 2029 4358 :
2062 4287 2396 4359 tuebantu
2412 4313 2443 4359 r
2465 4312 2738 4384 quoque
2767 4313 2928 4362 eum
2952 4288 3122 4385 poli-

951 4552 969 4587 ¹
1006 4551 1230 4615 PrioluS,
1262 4552 1296 4601 l.
1331 4568 1387 4611 x,
1407 4568 1458 4616 p.
1481 4551 1561 4610 20,
1591 4550 1701 4613 21]

952 4633 974 4668 ²
1010 4634 1182 4683 Me'm.
1217 4634 1282 4681 de
1315 4633 1467 4682 mad.
1489 4635 1555 4682 de
1579 4632 1906 4693 Motteville,
1940 4632 2058 4684 coll.
2091 4634 2285 4691 Petitot
2310 4649 2521 4695 xxxvu,
2554 4652 2606 4700 p.
2638 4634 2750 4687 329.

955 4712 979 4747 ³
1012 4711 1236 4772 Priolus,
1266 4712 1308 4772 I,
1340 4727 1391 4774 p.
1421 4712 1502 4760 21.
