3507 5683
1233 698 1435 749 VITA
1466 696 1564 748 ΕΤ
1599 696 1979 748 SCRIP'rxs
2663 699 2720 749 51

482 834 673 906 inter
705 834 880 906 duos
933 835 1279 929 conjuges
1328 833 1698 905 admodum
1733 844 1810 906 ut
1856 856 2004 905 mos
2044 845 2196 906 erat
2244 833 2727 907 discordantes

483 982 886 1054 suspensuS,
963 983 1046 1032 ex
1110 959 1462 1032 codicibus
1508 961 1715 1054 plane
1762 968 2075 1032 constat:
2144 960 2441 1031 «Priolo
2474 969 2544 1031 et
2571 984 2727 1033 ema—

488 1083 737 1156 barase
777 1094 847 1158 et
876 1108 964 1157 ne
992 1093 1153 1180 sayt
1190 1107 1320 1179 que
1350 1082 1531 1156 faire
1560 1094 1828 1180 voyant
1845 1085 2012 1157 d’un
2037 1086 2194 1157 cote
2224 1083 2290 1155 la
2320 1084 2727 1179 disposition

485 1208 571 1280 de
600 1211 701 1281 M.
721 1210 806 1281 de
830 1209 1295 1304 Longueville
1323 1233 1412 1282 au
1443 1210 1753 1304 mariage
1780 1220 1850 1283 et
1868 1210 1954 1281 de
1974 1209 2222 1282 l’autre
2242 1210 2615 1283 l’aversion
2641 1211 2725 1282 de

485 1357 562 1406 sa
611 1332 891 1408 femme.
948 1336 1048 1407 La
1102 1336 1479 1407 resolution
1525 1335 1611 1408 de
1664 1336 1957 1407 Priolau
2004 1346 2070 1408 et
2115 1336 2201 1408 de
2245 1336 2617 1409 conseiller
2656 1336 2725 1407 la

484 1459 703 1532 Boule
740 1460 827 1533 de
857 1458 1241 1532 s’adresser
1289 1460 1330 1531 3
1378 1461 1515 1530 M¹¹²¹⁰
1553 1460 1640 1531 de
1689 1460 2153 1554 Longueville
2204 1461 2289 1533 de
2330 1460 2398 1532 la
2438 1469 2594 1556 part
2633 1459 2720 1532 de
2827 1508 2831 1513 -

480 1585 776 1659 Baufort
818 1610 996 1682 pour
1032 1586 1156 1682 luy
1192 1584 1371 1658 faire
1405 1588 1529 1660 des
1559 1587 2043 1680 compliments
2073 1594 2141 1660 'et
2184 1587 2559 1661 l'assurant
2590 1610 2724 1683 que

483 1734 643 1784 sera
687 1712 1148 1785 entierement
1201 1712 1400 1785 obeie
1439 1711 1532 1809 (2)
1576 1713 1899 1807 l‘obliger
1946 1712 1987 1784 a
2032 1712 2370 1808 l’appuier
2405 1713 2498 1811 (Ζ)
2551 1714 2724 1785 dans

480 1836 978 1911 l'effectuation
1006 1838 1092 1910 de
1121 1862 1209 1910 ce
1242 1839 1625 1933 mariage¹.
1658 1863 1696 1908 »
1740 1864 1762 1891 >

581 1959 904 2032 Ceterum
976 1961 1061 2032 de
1118 1961 1230 2033 his
1294 1963 1553 2055 nuptiis
1609 1971 1751 2033 non
1815 1961 2113 2057 amplius
2165 1971 2540 2034 tractatum
2588 1971 2717 2050 est,

483 2087 1048 2180 repugnantibus
1093 2111 1304 2185 quum
1364 2087 1853 2181 Longavillaea
1895 2098 2037 2159 tum
2085 2085 2538 2159 Beaufortio:
2579 2088 2722 2158 ali--

483 2236 616 2309 quo
673 2222 828 2306 post
895 2212 1231 2307 tempore,
1311 2211 1444 2285 sub
1497 2212 1631 2283 fine
1682 2213 1850 2284 anni
1906 2213 2124 2304 1649,
2179 2213 2379 2284 novis
2428 2213 2512 2284 de
2584 2212 2721 2284 alio

481 2338 925 2409 matrimonio
996 2337 1366 2433 colloquiis
1426 2337 1747 2409 interfuit
1829 2338 2139 2410 Priolus,
2229 2336 2452 2421 Quum
2531 2337 2718 2408 enim

482 2450 563 2533 eo
611 2451 921 2556 tempore
976 2463 1322 2535 Condaeus
1373 2473 1441 2537 et
1499 2464 1980 2557 Longavillaea
2039 2463 2373 2536 cardinali
2427 2462 2723 2535 insidias

481 2595 859 2675 struerent,
908 2588 1423 2684 Havraeamque
1472 2611 1706 2661 arcem
1770 2589 1878 2659 cui
1927 2596 2227 2684 praeerat
2271 2589 2411 2659 dux
2450 2587 2720 2659 Riche-

485 2709 657 2800 lius,
721 2733 1058 2806 occupare
1126 2712 1632 2784 meditarentur
1690 2713 1881 2784 venit
1947 2711 2312 2783 amborum
2367 2712 2442 2781 in
2517 2733 2720 2782 men-

484 2846 622 2908 tem
693 2837 877 2909 hunc
947 2837 1207 2910 ducem·
1265 2862 1423 2911 cum
1500 2836 1878 2911 Gathar-ina
1970 2840 2376 2911 Poussarta'
2414 2836 2716 2931 Vigena,

483 2963 906 3036 marchionis
960 2964 1275 3035 Pontiaci
1337 2963 1708 3036 Albretani
1778 2963 2018 3049 vidua,
2077 2963 2504 3035 matrimonii
2555 2961 2713 3050 vin-

398 3067 407 3074 ·
482 3088 659 3161 culis
728 3090 1182 3183 conjungere.
1256 3089 1455 3176 Quod
1517 3088 1773 3162 factum
1827 3097 1960 3180 est,
2031 3087 2331 3184 praeside
2382 3089 2712 3178 Condae0‚

481 3214 830 3287 nesciente
895 3225 1125 3287 autem
1173 3214 1676 3308 Longavillaeo,
1743 3214 1935 3285 Triae
1956 3211 2009 3304 ²,
2073 3214 2186 3309 qui
2249 3211 2716 3306 Longavillaei

479 3336 699 3435 ipsius
744 3339 938 3410 ducis
965 3340 1375 3433 praetorium
1416 3351 1592 3412 erat.
1635 3342 1987 3424 Quantum
2016 3340 2144 3410 hoc
2174 3339 2477 3410 offensus
2501 3336 2711 3409 fuerit

481 3462 882 3553 cardinaliS,
954 3464 1070 3535 vix
1138 3463 1371 3536 dicere
1440 3487 1674 3560 operae
1737 3465 2042 3558 pretium
2102 3471 2205 3535 est
2246 3487 2460 3559 quum
2500 3486 2717 3534 unam

481 3614 565 3662 ex
619 3589 945 3683 neptibus
1006 3590 1150 3661 suis
1201 3588 1358 3659 duci
1432 3589 1751 3661 Richelio
1814 3588 2332 3661 destinavisset.
2396 3589 2531 3660 Hic
2568 3611 2720 3660 sese

480 3714 760 3787 Priolus
816 3712 891 3784 in
947 3711 1243 3785 historia
1314 3712 1578 3784 inducit
1633 3722 1958 3807 agentem
2022 3738 2037 3783 ε
2101 3738 2138 3784 ((
2210 3712 2392 3807 Ego,
2462 3710 2715 3808 inquit,

480 3837 917 3911 Mazarinum
963 3838 1131 3926 adii,
1175 3862 1315 3909 non
1366 3838 1645 3909 nomine
1681 3837 1993 3927 Condaei,
2050 3837 2171 3908 sed
2217 3831 2719 3931 Longavillaeae

481 3975 558 4037 ut
597 3988 753 4036 eum
802 3964 888 4035 de
924 3963 1066 4035 tota
1106 3987 1185 4035 re
1220 3973 1499 4058 peracta
1539 3964 1908 4035 certiorem
1967 3960 2295 4036 facerem.
2352 3962 2483 4034 Ille
2524 3961 2719 4034 vultu

466 4086 555 4160 ‘in
594 4087 1103 4162 simulationem
1145 4088 1548 4184 composito,
1596 4097 1671 4160 ut
1719 4088 1874 4181 ejus
1919 4111 2094 4177 mos,‚
2151 4088 2507 4181 respondit
2557 4113 2571 4158 ε
2628 4111 2719 4159 an

478 4215 790 4309 legitime
849 4212 1373 4287 matrimonium
1421 4222 1857 4286 contractum
1904 4213 2111 4286 fuerit
2164 4238 2293 4286 nec
2336 4239 2425 4288 ne
2492 4209 2624 4286 hoc
2679 4238 2721 4287 a

482 4337 818 4413 tribunali
872 4340 1189 4435 judicum
1226 4341 1530 4436 pendere
1588 4365 1604 4410 t
1669 4364 1798 4412 nec
1857 4352 2069 4411 suum‘
2112 4361 2266 4412 esse
2330 4340 2719 4413 immiscere

552 4596 569 4629 ¹
602 4594 814 4646 Carnets
846 4593 956 4643 loco
977 4593 1170 4643 citato·

553 4676 577 4710 ²
608 4674 974 4727 Trie-chateau
1013 4689 1079 4723 au
1127 4672 1387 4722 confluent
1427 4673 1491 4723 de
1551 4672 1601 4723 la
1637 4675 1867 4724 Troesne
1900 4680 1951 4724 et
1998 4674 2062 4725 de
2095 4673 2372 4737 l'Aunette‚
2407 4693 2463 4728 en
2511 4692 2591 4727 ,on
2656 4677 2721 4727 de

496 4757 802 4819 Chaumont‚
840 4756 1275 4806 arrondissement
1300 4753 1365 4803 de
1385 4754 1636 4804 Beauvais
1671 4755 1853 4817 (Oise).
2488 4766 2524 4788 *-
