3507 5683
811 682 956 760 123³
1484 705 1587 758 DE
1619 704 2071 757 BENJAMINI
2104 704 2382 756 Pmom

1241 841 1626 916 Cheimelia
1660 842 1823 942 (Vl,
1849 866 1921 938 p.
1963 841 2097 940 60)
2123 871 2145 938 3

1238 969 2168 1043 Barbones-Barbonismus
2203 969 2358 1062 (VI,
2394 994 2466 1063 p.
2515 965 2646 1065 52)
2683 995 2702 1062 3

1245 1082 1527 1191 Agyrta
1547 1095 1742 1192 (VII,
1779 1121 1848 1190 p.
1884 1095 2010 1192 81)
2042 1122 2062 1188 3

1246 1219 1665 1314 Magnilitas
1700 1221 1888 1312 (VII,
1934 1245 2002 1317 p.
2035 1223 2190 1313 36).

903 1349 1175 1444 Adjice,
1209 1349 1266 1420 si
1294 1348 1402 1419 vis
1436 1371 1451 1417 :
1501 1375 1534 1416 «
1572 1339 2046 1419 Amirdlatus
2084 1347 2240 1444 (IV,
2274 1372 2342 1442 p.
2383 1343 2540 1443 42),
2580 1372 2615 1415 »
2670 1346 3054 1441 Papisticos

804 1475 928 1574 (II,
964 1499 1032 1570 p.
1067 1470 1225 1570 61),
1252 1474 1757 1568 innumeraque
1787 1472 1924 1546 alia
1948 1474 2166 1546 verba
2205 1471 2617 1569 plerumque
2653 1473 2724 1543 in
2756 1472 3047 1544 latinam

803 1600 1122 1693 linguam
1154 1623 1191 1669 e
1241 1597 1513 1672 Gallico
1565 1620 1892 1670 sermone
1938 1598 2237 1671 maxima
2290 1597 2572 1669 audacia
2638 1596 3039 1670 translatos

804 1724 996 1796 Idem
1022 1723 1392 1796 dicendum
1432 1725 1519 1796 de
1540 1723 1944 1796 nominibus
1966 1746 2419 1819 personarum
2449 1720 2569 1795 a'ut
2608 1722 2922 1794 urbium.
2965 1723 3055 1793 Ut

807 1849 1220 1945 quibusdam
1289 1850 1628 1945 exemplis
1689 1857 1874 1939 utar,
1940 1857 2181 1921 noster
2262 1847 2581 1919 traducit
2631 1847 3053 1920 vocabulum

804 1974 1059 2069 gallice
1099 1975 1359 2047 dictum
1409 2000 1446 2046 «
1486 1975 1687 2047 Saint
1722 2000 1789 2059 »,
1815 1975 1961 2048 sive
2019 1976 2093 2046 in
2131 1973 2423 2047 verbum
2463 1999 2500 2044 «
2532 1974 2754 2045 Divus
2788 1997 2860 2065 »3
2906 1972 3052 2045 sive

811 2101 1252 2191 «Sanctus»,
1281 2100 1429 2174 sive
1449 2093 1656 2174 etiarn
1681 2099 1962 2189 «San»,
1988 2107 2064 2171 ut
2091 2100 2622 2172 San-Simonias
2650 2099 2767 2190 (V,
2795 2122 2864 2193 p.
2900 2096 3050 2190 27),

810 2227 953 2299 San
1018 2226 1334 2298 Maurius
1397 2225 1549 2321 (VI,
1600 2250 1670 2320 p.
1725 2224 1882 2319 37).
1938 2224 2072 2296 Hic
2144 2249 2181 2294 «
2227 2225 2538 2296 Fuentes
2586 2222 3052 2318 »appellatur

811 2353 1273 2455 Fontanonus
1295 2374 1525 2423 comes
1542 2352 1661 2444 (ΙΙ,
1679 2375 1750 2446 p.
1782 2348 1884 2441 4),
1908 2349 2055 2422 illic
2080 2350 2444 2422 Fontanus
2468 2349 2587 2446 (ΙΙ,
2614 2374 2682 2443 p.
2703 2344 2810 2444 7).
2838 2348 2955 2419 Fit
2972 2348 3059 2419 ad

809 2477 1114 2549 litteram
1169 2475 1588 2549 traductus:
1654 2475 2096 2566 d’EstradeS,
2153 2474 2567 2547 Destradius
2616 2472 2773 2564 (VI,
2823 2496 2894 2566 p.
2949 2468 3051 2566 6);

810 2601 1258 2696 Cinq-Mars,
1326 2600 1646 2697 Quinque
1698 2601 1998 2674 Martius
2063 2600 2153 2699 (Ι,
2201 2625 2269 2694 p.
2325 2599 2432 2692 4),
2478 2607 2546 2675 et
2598 2596 2787 2693 quod
2836 2597 3056 2690 magis

809 2726 1274 2817 irridendum,
1301 2750 1338 2797 ((
1371 2727 1517 2798 Bar
1548 2726 1616 2799 le
1636 2727 1785 2798 Duc
1810 2751 1879 2816 »‚
1918 2726 2135 2798 latine
2163 2726 2374 2797 Barri
2405 2699 2548 2795 dux
2581 2732 2700 2796 aut
2731 2723 3051 2813 Barrum‚

811 2852 885 2924 fit
913 2852 1098 2948 apud
1143 2851 1455 2924 Priolum
1498 2878 1513 2923 :
1569 2877 1606 2924 «
1641 2852 1808 2924 Bar
1849 2854 1914 2924 le
1952 2854 2205 2924 Dacus
2241 2877 2277 2921 »
2331 2851 2454 2948 (V,
2500 2876 2567 2946 p.
2597 2849 2755 2946 63).

910 2975 1050 3048 Sed
1082 2976 1169 3048 de
1209 2976 1340 3047 hoc
1385 2979 1538 3073 jam
1590 2978 1761 3049 satis
1806 3002 1821 3047 ε
1867 2976 2422 3049 concludendum
2474 3000 2658 3048 nunc
2712 2977 3053 3066 breviter,

818 3113 1178 3199 postquam
1216 3102 1493 3196 longius
1522 3099 1821 3174 forsitan
1843 3103 2060 3175 vitam
2081 3102 2303 3175 Prioli
2338 3103 2783 3175 narravimus
2813 3111 2881 3174 et
2906 3102 3054 3195 ejus

759 3305 766 3312 ,
813 3228 1176 3300 historiam
1204 3251 1329 3322 pro
1358 3228 1628 3299 viribus
1656 3228 1915 3300 nostris
1937 3227 2463 3322 explicavimus.
2508 3227 2707 3313 Quod
2744 3228 2830 3299 ad
2846 3228 3061 3298 homi-

811 3378 969 3426 nem
1005 3353 1279 3442 attinet,
1334 3345 1546 3449 quam
1588 3356 1792 3447 parvi
1848 3354 2302 3427 aestimandus
2334 3355 2628 3444 nemini,
2669 3363 2744 3425 ut
2777 3353 3053 3447 opinor,

810 3474 1121 3562 dubium,
1168 3497 1381 3569 quum
1409 3471 1558 3545 fere
1587 3496 1716 3567 per
1741 3474 1960 3544 vitam
1983 3496 2257 3545 omnem
2280 3475 2658 3547 vilissimas
2681 3477 3059 3572 proditoris

812 3609 880 3672 et
917 3598 1376 3694 speculatoris
1423 3606 1687 3692 parteS‚
1743 3598 1803 3669 si
1852 3621 1990 3669 non
2034 3598 2220 3692 apud
2266 3600 2724 3674 Rohannium
2778 3606 3057 3686 ducem,

813 3726 1054 3796 saltem
1091 3723 1278 3818 apud
1307 3723 1869 3817 Longavillaeum
1909 3724 2057 3795 sine
2092 3727 2574 3798 controversia
2616 3728 3001 3823 expleverit
3036 3752 3049 3796 ε

812 3873 951 3945 quo
981 3849 1274 3920 crimine
1302 3872 1385 3920 eo
1408 3849 1638 3919 minus
1681 3848 1825 3920 elui
1862 3856 2089 3942 potest
2120 3872 2254 3943 quo
2290 3860 2438 3923 erat
2479 3852 2708 3946 magis
2747 3851 3064 3927 doctrina

813 3983 883 4048 et
900 3975 1152 4047 litteris
1189 3974 1598 4046 instructus.
1636 3972 1838 4058 Quod
1875 3974 1932 4044 si
1969 3974 2031 4045 ei
2070 3977 2422 4047 excusatio
2452 3978 2774 4072 quaedam
2835 3964 3067 4053 afferri

812 4101 1041 4190 debet,
1058 4107 1250 4172 certe
1272 4123 1359 4171 ex
1378 4109 1813 4193 paupertate,
1850 4122 1983 4194 qua
2022 4122 2298 4194 semper
2325 4101 2699 4195 laboravit,
2726 4105 3069 4181 trahenda

699 4287 705 4296 .
814 4237 943 4300 est.
990 4226 1280 4298 Constat
1311 4248 1581 4320 quoque
1610 4248 1771 4296 eum
1802 4215 1940 4295 non
1969 4224 2195 4296 solum
2223 4227 2573 4299 eruditum
2603 4230 2726 4302 sed
2759 4233 3068 4304 naturali

813 4352 1109 4449 quadam
1169 4348 1438 4441 ingenii
1491 4348 1851 4421 alacritate
1917 4359 1984 4421 et
2048 4349 2330 4421 solertia
2383 4349 2598 4424 fuisse
2665 4354 3060 4448 praeditum.

814 4476 1011 4561 Quod
1031 4475 1122 4547 ad
1139 4473 1506 4546 historiam
1526 4474 1682 4567 ejus
1704 4483 1997 4569 spectat,
2016 4498 2165 4547 eam
2186 4475 2374 4549 infra
2398 4477 2619 4549 Prioli
2639 4478 2860 4572 ipsius
2881 4480 3068 4573 judi-

816 4592 1028 4690 cium,
1052 4622 1264 4693 supra
1293 4607 1527 4670 autem
1548 4597 1906 4694 Capellani
1932 4610 2470 4697 ceterorumque
2498 4603 2876 4699 aequalium
2910 4605 3066 4699 opi-

819 4727 1098 4799 nionem
1129 4703 1410 4796 stetisse
1432 4722 1731 4798 libenter
1756 4724 2197 4798 crediderim.
2234 4726 2368 4811 Qui
2393 4749 2541 4798 eam
2572 4727 2855 4820 legerit,
2887 4736 3070 4800 certe
