<?xml version="1.0" encoding="UTF-8"?>
<!DOCTYPE html PUBLIC "-//W3C//DTD XHTML 1.0 Transitional//EN"
    "http://www.w3.org/TR/xhtml1/DTD/xhtml1-transitional.dtd">
<html xmlns="http://www.w3.org/1999/xhtml" xml:lang="en" lang="en">
 <head>
  <title>
</title>
<meta http-equiv="Content-Type" content="text/html;charset=utf-8" />
  <meta name='ocr-system' content='tesseract 3.04.00' />
  <meta name='ocr-capabilities' content='ocr_page ocr_carea ocr_par ocr_line ocrx_word'/>
</head>
<body>
  <div class='ocr_page' id='page_1' title='image "./debenjaminiprio00normgoog_0036.png"; bbox 0 0 3507 5683; ppageno 0'>
   <div class='ocr_carea' id='block_1_1' title="bbox 801 694 2377 754">
    <p class='ocr_par' dir='ltr' id='par_1_1' title="bbox 801 694 2377 754">
     <span class='ocr_line' id='line_1_1' title="bbox 801 694 2377 754; baseline -0.001 0"><span class='ocrx_word' id='word_1_1' title='bbox 801 701 863 754; x_wconf 87' lang='grc'>30</span> <span class='ocrx_word' id='word_1_2' title='bbox 1468 702 1570 752; x_wconf 79' lang='lat' dir='ltr'>DE</span> <span class='ocrx_word' id='word_1_3' title='bbox 1603 701 2055 752; x_wconf 83' lang='lat' dir='ltr'><strong>BENJAMINI</strong></span> <span class='ocrx_word' id='word_1_4' title='bbox 2095 694 2377 753; x_wconf 85' lang='lat' dir='ltr'><strong>PRIOLI</strong></span> 
     </span>
    </p>
   </div>
   <div class='ocr_carea' id='block_1_2' title="bbox 778 838 3041 3819">
    <p class='ocr_par' dir='ltr' id='par_1_2' title="bbox 778 838 3041 3819">
     <span class='ocr_line' id='line_1_2' title="bbox 801 838 3039 935; baseline 0 -24"><span class='ocrx_word' id='word_1_5' title='bbox 801 838 1264 935; x_wconf 88' lang='lat' dir='ltr'>reposceret¹.</span> <span class='ocrx_word' id='word_1_6' title='bbox 1309 839 1631 932; x_wconf 82' lang='lat' dir='ltr'>Benigne</span> <span class='ocrx_word' id='word_1_7' title='bbox 1667 847 2021 934; x_wconf 83' lang='lat' dir='ltr'>exceptus,</span> <span class='ocrx_word' id='word_1_8' title='bbox 2071 840 2490 912; x_wconf 85' lang='lat' dir='ltr'>Rhaetorum</span> <span class='ocrx_word' id='word_1_9' title='bbox 2536 847 2763 911; x_wconf 89' lang='lat' dir='ltr'>motus</span> <span class='ocrx_word' id='word_1_10' title='bbox 2804 838 3039 911; x_wconf 88' lang='lat' dir='ltr'>maxi-</span> 
     </span>
     <span class='ocr_line' id='line_1_3' title="bbox 801 962 3040 1067; baseline 0.002 -30"><span class='ocrx_word' id='word_1_11' title='bbox 801 988 1087 1060; x_wconf 89' lang='lat' dir='ltr'>masque</span> <span class='ocrx_word' id='word_1_12' title='bbox 1105 964 1356 1060; x_wconf 91' lang='lat' dir='ltr'>quibus</span> <span class='ocrx_word' id='word_1_13' title='bbox 1375 965 1518 1035; x_wconf 86' lang='lat' dir='ltr'>dux</span> <span class='ocrx_word' id='word_1_14' title='bbox 1531 964 2013 1060; x_wconf 87' lang='lat' dir='ltr'>implicabatur</span> <span class='ocrx_word' id='word_1_15' title='bbox 2024 962 2473 1037; x_wconf 87' lang='lat' dir='ltr'>difficultates</span> <span class='ocrx_word' id='word_1_16' title='bbox 2493 969 2777 1043; x_wconf 87' lang='lat' dir='ltr'>Priolus</span> <span class='ocrx_word' id='word_1_17' title='bbox 2797 978 3040 1067; x_wconf 87' lang='lat' dir='ltr'>aperte</span> 
     </span>
     <span class='ocr_line' id='line_1_4' title="bbox 797 1087 3041 1185; baseline 0.004 -25"><span class='ocrx_word' id='word_1_18' title='bbox 797 1089 1261 1179; x_wconf 86' lang='lat' dir='ltr'>denuntiavit,</span> <span class='ocrx_word' id='word_1_19' title='bbox 1321 1113 1543 1185; x_wconf 90' lang='lat' dir='ltr'>neque</span> <span class='ocrx_word' id='word_1_20' title='bbox 1596 1087 1881 1162; x_wconf 84' lang='lat' dir='ltr'>frustra.</span> <span class='ocrx_word' id='word_1_21' title='bbox 1952 1088 2283 1164; x_wconf 84' lang='lat' dir='ltr'><strong>Adhibita</strong></span> <span class='ocrx_word' id='word_1_22' title='bbox 2344 1100 2452 1163; x_wconf 88' lang='lat' dir='ltr'>est</span> <span class='ocrx_word' id='word_1_23' title='bbox 2501 1096 2688 1167; x_wconf 90' lang='lat' dir='ltr'>enim</span> <span class='ocrx_word' id='word_1_24' title='bbox 2740 1097 3041 1170; x_wconf 83' lang='lat' dir='ltr'>maxima</span> 
     </span>
     <span class='ocr_line' id='line_1_5' title="bbox 795 1214 3038 1318; baseline 0.005 -34"><span class='ocrx_word' id='word_1_25' title='bbox 795 1214 967 1287; x_wconf 90' lang='lat' dir='ltr'>fides</span> <span class='ocrx_word' id='word_1_26' title='bbox 984 1239 1193 1311; x_wconf 89' lang='lat' dir='ltr'>quum</span> <span class='ocrx_word' id='word_1_27' title='bbox 1221 1215 1408 1287; x_wconf 92' lang='lat' dir='ltr'>illius</span> <span class='ocrx_word' id='word_1_28' title='bbox 1427 1215 1665 1289; x_wconf 87' lang='lat' dir='ltr'>verbis</span> <span class='ocrx_word' id='word_1_29' title='bbox 1687 1224 1834 1287; x_wconf 85' lang='lat' dir='ltr'>tum</span> <span class='ocrx_word' id='word_1_30' title='bbox 1865 1215 2060 1287; x_wconf 91' lang='lat' dir='ltr'>ducis</span> <span class='ocrx_word' id='word_1_31' title='bbox 2080 1215 2411 1310; x_wconf 81' lang='lat' dir='ltr'>epistoliS‚</span> <span class='ocrx_word' id='word_1_32' title='bbox 2444 1228 2912 1318; x_wconf 85' lang='lat' dir='ltr'>statutumque</span> <span class='ocrx_word' id='word_1_33' title='bbox 2933 1234 3038 1296; x_wconf 90' lang='lat' dir='ltr'>est</span> 
     </span>
     <span class='ocr_line' id='line_1_6' title="bbox 795 1336 3036 1444; baseline 0.004 -33"><span class='ocrx_word' id='word_1_34' title='bbox 795 1362 1078 1412; x_wconf 89' lang='lat' dir='ltr'>servare</span> <span class='ocrx_word' id='word_1_35' title='bbox 1113 1340 1383 1413; x_wconf 83' lang='lat' dir='ltr'>Vallem</span> <span class='ocrx_word' id='word_1_36' title='bbox 1415 1339 1739 1412; x_wconf 87' lang='lat' dir='ltr'>Telinam</span> <span class='ocrx_word' id='word_1_37' title='bbox 1759 1336 1810 1412; x_wconf 77' lang='lat'>².</span> <span class='ocrx_word' id='word_1_38' title='bbox 1869 1341 2068 1427; x_wconf 85' lang='lat' dir='ltr'>Quod</span> <span class='ocrx_word' id='word_1_39' title='bbox 2103 1352 2334 1444; x_wconf 88' lang='lat' dir='ltr'>autem</span> <span class='ocrx_word' id='word_1_40' title='bbox 2376 1344 2465 1416; x_wconf 92' lang='lat' dir='ltr'>ad</span> <span class='ocrx_word' id='word_1_41' title='bbox 2497 1345 2707 1418; x_wconf 90' lang='lat' dir='ltr'>duces</span> <span class='ocrx_word' id='word_1_42' title='bbox 2750 1347 3036 1420; x_wconf 85' lang='lat' dir='ltr'>Rhaeto-</span> 
     </span>
     <span class='ocr_line' id='line_1_7' title="bbox 796 1465 3036 1562; baseline 0.005 -27"><span class='ocrx_word' id='word_1_43' title='bbox 796 1487 949 1536; x_wconf 84' lang='lat' dir='ltr'>rum</span> <span class='ocrx_word' id='word_1_44' title='bbox 1015 1465 1368 1560; x_wconf 86' lang='lat' dir='ltr'>spectabat</span> <span class='ocrx_word' id='word_1_45' title='bbox 1436 1465 1554 1562; x_wconf 91' lang='lat' dir='ltr'>qui</span> <span class='ocrx_word' id='word_1_46' title='bbox 1633 1466 1995 1560; x_wconf 87' lang='lat' dir='ltr'>pecuniam</span> <span class='ocrx_word' id='word_1_47' title='bbox 2071 1467 2620 1560; x_wconf 79' lang='lat' dir='ltr'>conclamabant,</span> <span class='ocrx_word' id='word_1_48' title='bbox 2674 1473 3036 1546; x_wconf 88' lang='lat' dir='ltr'>commissa</span> 
     </span>
     <span class='ocr_line' id='line_1_8' title="bbox 792 1587 3035 1686; baseline 0.004 -28"><span class='ocrx_word' id='word_1_49' title='bbox 792 1587 991 1661; x_wconf 90' lang='lat' dir='ltr'>fuere</span> <span class='ocrx_word' id='word_1_50' title='bbox 1002 1589 1237 1661; x_wconf 90' lang='lat' dir='ltr'>Priolo</span> <span class='ocrx_word' id='word_1_51' title='bbox 1258 1589 1478 1662; x_wconf 90' lang='lat' dir='ltr'>millia</span> <span class='ocrx_word' id='word_1_52' title='bbox 1492 1590 1836 1663; x_wconf 87' lang='lat' dir='ltr'>librarum</span> <span class='ocrx_word' id='word_1_53' title='bbox 1855 1590 2420 1686; x_wconf 81' lang='lat' dir='ltr'>quadringenta3.</span> <span class='ocrx_word' id='word_1_54' title='bbox 2432 1596 2792 1669; x_wconf 80' lang='lat' dir='ltr'>Praeterea</span> <span class='ocrx_word' id='word_1_55' title='bbox 2805 1607 3035 1670; x_wconf 88' lang='lat' dir='ltr'>autem</span> 
     </span>
     <span class='ocr_line' id='line_1_9' title="bbox 791 1713 3030 1811; baseline 0.004 -25"><span class='ocrx_word' id='word_1_56' title='bbox 791 1713 1095 1805; x_wconf 90' lang='lat' dir='ltr'>Priolus,</span> <span class='ocrx_word' id='word_1_57' title='bbox 1157 1714 1363 1807; x_wconf 90' lang='lat' dir='ltr'>jussu</span> <span class='ocrx_word' id='word_1_58' title='bbox 1425 1715 1647 1805; x_wconf 79' lang='lat' dir='ltr'>duciS,</span> <span class='ocrx_word' id='word_1_59' title='bbox 1714 1738 1757 1786; x_wconf 92' lang='lat' dir='ltr'>a</span> <span class='ocrx_word' id='word_1_60' title='bbox 1817 1738 1987 1809; x_wconf 85' lang='lat' dir='ltr'>rege</span> <span class='ocrx_word' id='word_1_61' title='bbox 2063 1718 2462 1811; x_wconf 87' lang='lat' dir='ltr'>postulabat</span> <span class='ocrx_word' id='word_1_62' title='bbox 2527 1729 2601 1791; x_wconf 88' lang='lat' dir='ltr'>ut</span> <span class='ocrx_word' id='word_1_63' title='bbox 2660 1723 3030 1795; x_wconf 86' lang='lat' dir='ltr'>Rohannio</span> 
     </span>
     <span class='ocr_line' id='line_1_10' title="bbox 789 1839 3031 1937; baseline 0.005 -28"><span class='ocrx_word' id='word_1_64' title='bbox 789 1839 1074 1911; x_wconf 89' lang='lat' dir='ltr'>daretur</span> <span class='ocrx_word' id='word_1_65' title='bbox 1103 1862 1372 1911; x_wconf 87' lang='lat' dir='ltr'>summa</span> <span class='ocrx_word' id='word_1_66' title='bbox 1416 1843 1798 1914; x_wconf 88' lang='lat' dir='ltr'>auctoritas</span> <span class='ocrx_word' id='word_1_67' title='bbox 1849 1842 2073 1915; x_wconf 80' lang='lat' dir='ltr'>faedus</span> <span class='ocrx_word' id='word_1_68' title='bbox 2127 1843 2483 1937; x_wconf 87' lang='lat' dir='ltr'>quodlibet</span> <span class='ocrx_word' id='word_1_69' title='bbox 2537 1869 2694 1919; x_wconf 85' lang='lat' dir='ltr'>oum</span> <span class='ocrx_word' id='word_1_70' title='bbox 2759 1847 3031 1928; x_wconf 81' lang='lat' dir='ltr'>Rhaetis</span> 
     </span>
     <span class='ocr_line' id='line_1_11' title="bbox 790 1964 3032 2067; baseline 0.005 -32"><span class='ocrx_word' id='word_1_71' title='bbox 790 1964 1164 2035; x_wconf 85' lang='lat' dir='ltr'>tractandi:</span> <span class='ocrx_word' id='word_1_72' title='bbox 1209 1965 1390 2060; x_wconf 90' lang='lat' dir='ltr'>quod</span> <span class='ocrx_word' id='word_1_73' title='bbox 1425 1965 1728 2059; x_wconf 84' lang='lat' dir='ltr'>negabat</span> <span class='ocrx_word' id='word_1_74' title='bbox 1763 1967 2154 2040; x_wconf 88' lang='lat' dir='ltr'>Richelius.</span> <span class='ocrx_word' id='word_1_75' title='bbox 2188 1969 2446 2066; x_wconf 90' lang='lat' dir='ltr'>Aliqua</span> <span class='ocrx_word' id='word_1_76' title='bbox 2489 1970 2590 2042; x_wconf 86' lang='lat' dir='ltr'>sio</span> <span class='ocrx_word' id='word_1_77' title='bbox 2624 1971 3032 2067; x_wconf 86' lang='lat' dir='ltr'>interposita</span> 
     </span>
     <span class='ocr_line' id='line_1_12' title="bbox 788 2070 3022 2188; baseline 0.004 -26"><span class='ocrx_word' id='word_1_78' title='bbox 788 2116 982 2165; x_wconf 90' lang='lat' dir='ltr'>mora</span> <span class='ocrx_word' id='word_1_79' title='bbox 1019 2093 1369 2165; x_wconf 88' lang='lat' dir='ltr'>tricesimo</span> <span class='ocrx_word' id='word_1_80' title='bbox 1391 2092 1634 2164; x_wconf 86' lang='lat' dir='ltr'>martis</span> <span class='ocrx_word' id='word_1_81' title='bbox 1663 2092 1776 2165; x_wconf 89' lang='lat' dir='ltr'>die</span> <span class='ocrx_word' id='word_1_82' title='bbox 1802 2094 1970 2166; x_wconf 87' lang='lat' dir='ltr'>anni</span> <span class='ocrx_word' id='word_1_83' title='bbox 2006 2094 2191 2167; x_wconf 86' lang='lat'><strong>1637</strong></span> <span class='ocrx_word' id='word_1_84' title='bbox 2209 2070 2566 2188; x_wconf 85' lang='lat' dir='ltr'>profectus</span> <span class='ocrx_word' id='word_1_85' title='bbox 2587 2106 2692 2168; x_wconf 86' lang='lat' dir='ltr'>est</span> <span class='ocrx_word' id='word_1_86' title='bbox 2717 2097 3022 2173; x_wconf 76' lang='lat' dir='ltr'>PrioluS.</span> 
     </span>
     <span class='ocr_line' id='line_1_13' title="bbox 786 2218 3024 2315; baseline 0.003 -26"><span class='ocrx_word' id='word_1_87' title='bbox 786 2219 1198 2314; x_wconf 86' lang='lat' dir='ltr'>Quanquam</span> <span class='ocrx_word' id='word_1_88' title='bbox 1247 2218 1640 2313; x_wconf 88' lang='lat' dir='ltr'>quindecim</span> <span class='ocrx_word' id='word_1_89' title='bbox 1676 2218 1795 2289; x_wconf 85' lang='lat' dir='ltr'>vix</span> <span class='ocrx_word' id='word_1_90' title='bbox 1843 2219 2084 2291; x_wconf 92' lang='lat' dir='ltr'>diebus</span> <span class='ocrx_word' id='word_1_91' title='bbox 2145 2220 2218 2290; x_wconf 92' lang='lat' dir='ltr'>in</span> <span class='ocrx_word' id='word_1_92' title='bbox 2266 2219 2496 2293; x_wconf 88' lang='lat' dir='ltr'>Gallia</span> <span class='ocrx_word' id='word_1_93' title='bbox 2562 2234 3024 2315; x_wconf 81' lang='lat' dir='ltr'>remanserat,</span> 
     </span>
     <span class='ocr_line' id='line_1_14' title="bbox 784 2344 3027 2442; baseline 0.002 -28"><span class='ocrx_word' id='word_1_94' title='bbox 784 2344 1009 2416; x_wconf 86' lang='lat' dir='ltr'>serius</span> <span class='ocrx_word' id='word_1_95' title='bbox 1092 2352 1326 2416; x_wconf 88' lang='lat' dir='ltr'>tamen</span> <span class='ocrx_word' id='word_1_96' title='bbox 1411 2344 1753 2417; x_wconf 86' lang='lat' dir='ltr'>Lutetiam</span> <span class='ocrx_word' id='word_1_97' title='bbox 1833 2344 2268 2417; x_wconf 84' lang='lat' dir='ltr'>Parisiorum</span> <span class='ocrx_word' id='word_1_98' title='bbox 2348 2345 2740 2437; x_wconf 86' lang='lat' dir='ltr'>deserebat,</span> <span class='ocrx_word' id='word_1_99' title='bbox 2822 2371 3027 2442; x_wconf 89' lang='lat' dir='ltr'>quum</span> 
     </span>
     <span class='ocr_line' id='line_1_15' title="bbox 785 2468 3029 2564; baseline 0.001 -23"><span class='ocrx_word' id='word_1_100' title='bbox 785 2468 1037 2551; x_wconf 85' lang='lat' dir='ltr'>Rhaeti</span> <span class='ocrx_word' id='word_1_101' title='bbox 1103 2469 1313 2539; x_wconf 91' lang='lat' dir='ltr'>fidem</span> <span class='ocrx_word' id='word_1_102' title='bbox 1387 2468 1849 2564; x_wconf 86' lang='lat' dir='ltr'>quadraginta</span> <span class='ocrx_word' id='word_1_103' title='bbox 1919 2468 2190 2540; x_wconf 91' lang='lat' dir='ltr'>dierum</span> <span class='ocrx_word' id='word_1_104' title='bbox 2266 2480 2473 2543; x_wconf 86' lang='lat' dir='ltr'>antea</span> <span class='ocrx_word' id='word_1_105' title='bbox 2542 2495 3029 2544; x_wconf 88' lang='lat' dir='ltr'>concessorum</span> 
     </span>
     <span class='ocr_line' id='line_1_16' title="bbox 783 2594 3027 2691; baseline 0.002 -25"><span class='ocrx_word' id='word_1_106' title='bbox 783 2594 1064 2667; x_wconf 90' lang='lat' dir='ltr'>minime</span> <span class='ocrx_word' id='word_1_107' title='bbox 1105 2595 1584 2667; x_wconf 85' lang='lat' dir='ltr'>servavissent</span> <span class='ocrx_word' id='word_1_108' title='bbox 1637 2596 1972 2691; x_wconf 86' lang='lat' dir='ltr'>regioque</span> <span class='ocrx_word' id='word_1_109' title='bbox 2010 2596 2232 2666; x_wconf 89' lang='lat' dir='ltr'>omnis</span> <span class='ocrx_word' id='word_1_110' title='bbox 2279 2596 2457 2667; x_wconf 84' lang='lat' dir='ltr'>bello</span> <span class='ocrx_word' id='word_1_111' title='bbox 2512 2620 2596 2668; x_wconf 85' lang='lat' dir='ltr'>ex</span> <span class='ocrx_word' id='word_1_112' title='bbox 2654 2598 2917 2670; x_wconf 87' lang='lat' dir='ltr'>decimo</span> <span class='ocrx_word' id='word_1_113' title='bbox 2961 2610 3027 2671; x_wconf 89' lang='lat' dir='ltr'>et</span> 
     </span>
     <span class='ocr_line' id='line_1_17' title="bbox 780 2719 3026 2815; baseline 0.001 -24"><span class='ocrx_word' id='word_1_114' title='bbox 780 2729 1023 2792; x_wconf 84' lang='lat' dir='ltr'>octavo</span> <span class='ocrx_word' id='word_1_115' title='bbox 1058 2720 1303 2791; x_wconf 86' lang='lat' dir='ltr'>martis</span> <span class='ocrx_word' id='word_1_116' title='bbox 1358 2719 1468 2791; x_wconf 89' lang='lat' dir='ltr'>die</span> <span class='ocrx_word' id='word_1_117' title='bbox 1515 2720 1769 2795; x_wconf 84' lang='lat' dir='ltr'>ardere</span> <span class='ocrx_word' id='word_1_118' title='bbox 1795 2721 2139 2815; x_wconf 81' lang='lat' dir='ltr'>caepisset.</span> <span class='ocrx_word' id='word_1_119' title='bbox 2179 2721 2287 2793; x_wconf 84' lang='lat' dir='ltr'>Ex</span> <span class='ocrx_word' id='word_1_120' title='bbox 2344 2744 2474 2814; x_wconf 91' lang='lat' dir='ltr'>quo</span> <span class='ocrx_word' id='word_1_121' title='bbox 2505 2723 2923 2795; x_wconf 89' lang='lat' dir='ltr'>Rohannius</span> <span class='ocrx_word' id='word_1_122' title='bbox 2957 2723 3026 2794; x_wconf 95' lang='lat' dir='ltr'>in</span> 
     </span>
     <span class='ocr_line' id='line_1_18' title="bbox 783 2845 3018 2942; baseline 0.002 -26"><span class='ocrx_word' id='word_1_123' title='bbox 783 2846 1142 2918; x_wconf 85' lang='lat' dir='ltr'>castellum</span> <span class='ocrx_word' id='word_1_124' title='bbox 1172 2845 1408 2918; x_wconf 88' lang='lat' dir='ltr'>Rheni</span> <span class='ocrx_word' id='word_1_125' title='bbox 1440 2869 1515 2917; x_wconf 93' lang='lat' dir='ltr'>se</span> <span class='ocrx_word' id='word_1_126' title='bbox 1552 2846 1704 2917; x_wconf 88' lang='lat' dir='ltr'>sine</span> <span class='ocrx_word' id='word_1_127' title='bbox 1730 2845 1881 2917; x_wconf 88' lang='lat' dir='ltr'>fere</span> <span class='ocrx_word' id='word_1_128' title='bbox 1924 2846 2202 2937; x_wconf 81' lang='lat' dir='ltr'>auxiliis</span> <span class='ocrx_word' id='word_1_129' title='bbox 2228 2856 2298 2918; x_wconf 91' lang='lat' dir='ltr'>et</span> <span class='ocrx_word' id='word_1_130' title='bbox 2336 2848 2551 2942; x_wconf 87' lang='lat' dir='ltr'>copiis</span> <span class='ocrx_word' id='word_1_131' title='bbox 2586 2848 3018 2922; x_wconf 84' lang='lat' dir='ltr'>contulerat:</span> 
     </span>
     <span class='ocr_line' id='line_1_19' title="bbox 782 2971 3026 3066; baseline 0.001 -23"><span class='ocrx_word' id='word_1_132' title='bbox 782 2973 964 3066; x_wconf 90' lang='lat' dir='ltr'>quod</span> <span class='ocrx_word' id='word_1_133' title='bbox 991 2971 1358 3044; x_wconf 87' lang='lat' dir='ltr'>confirmat</span> <span class='ocrx_word' id='word_1_134' title='bbox 1383 2971 1666 3044; x_wconf 84' lang='lat' dir='ltr'>Grotius</span> <span class='ocrx_word' id='word_1_135' title='bbox 1698 2972 1773 3042; x_wconf 87' lang='lat' dir='ltr'>in</span> <span class='ocrx_word' id='word_1_136' title='bbox 1795 2971 2083 3066; x_wconf 89' lang='lat' dir='ltr'>epistola</span> <span class='ocrx_word' id='word_1_137' title='bbox 2093 2972 2245 3066; x_wconf 88' lang='lat' dir='ltr'>jam</span> <span class='ocrx_word' id='word_1_138' title='bbox 2273 2972 2507 3045; x_wconf 89' lang='lat' dir='ltr'>citata:</span> <span class='ocrx_word' id='word_1_139' title='bbox 2544 2999 2581 3045; x_wconf 84' lang='lat'>‹&lt;</span> <span class='ocrx_word' id='word_1_140' title='bbox 2604 2976 2647 3047; x_wconf 86' lang='lat' dir='ltr'>J</span> <span class='ocrx_word' id='word_1_141' title='bbox 2650 2997 2761 3047; x_wconf 91' lang='lat' dir='ltr'>am</span> <span class='ocrx_word' id='word_1_142' title='bbox 2782 2974 3026 3047; x_wconf 88' lang='lat' dir='ltr'>ducem</span> 
     </span>
     <span class='ocr_line' id='line_1_20' title="bbox 780 3096 3025 3194; baseline 0.003 -26"><span class='ocrx_word' id='word_1_143' title='bbox 780 3096 1230 3168; x_wconf 84' lang='lat' dir='ltr'>Rohannium</span> <span class='ocrx_word' id='word_1_144' title='bbox 1259 3096 1445 3170; x_wconf 88' lang='lat' dir='ltr'>intra</span> <span class='ocrx_word' id='word_1_145' title='bbox 1481 3096 1848 3169; x_wconf 87' lang='lat' dir='ltr'>castellum</span> <span class='ocrx_word' id='word_1_146' title='bbox 1878 3097 2063 3194; x_wconf 90' lang='lat' dir='ltr'>quod</span> <span class='ocrx_word' id='word_1_147' title='bbox 2099 3098 2513 3170; x_wconf 88' lang='lat' dir='ltr'>Francicum</span> <span class='ocrx_word' id='word_1_148' title='bbox 2549 3099 2799 3172; x_wconf 87' lang='lat' dir='ltr'>dicitur</span> <span class='ocrx_word' id='word_1_149' title='bbox 2835 3100 3025 3174; x_wconf 84' lang='lat' dir='ltr'>velut</span> 
     </span>
     <span class='ocr_line' id='line_1_21' title="bbox 781 3222 3022 3318; baseline 0.002 -27"><span class='ocrx_word' id='word_1_150' title='bbox 781 3223 1138 3295; x_wconf 88' lang='lat' dir='ltr'>obsessum</span> <span class='ocrx_word' id='word_1_151' title='bbox 1177 3232 1439 3295; x_wconf 87' lang='lat' dir='ltr'>tenent.</span> <span class='ocrx_word' id='word_1_152' title='bbox 1479 3222 1571 3293; x_wconf 87' lang='lat' dir='ltr'>Et</span> <span class='ocrx_word' id='word_1_153' title='bbox 1600 3222 2004 3317; x_wconf 90' lang='lat' dir='ltr'>pecuniario</span> <span class='ocrx_word' id='word_1_154' title='bbox 2042 3223 2321 3318; x_wconf 90' lang='lat' dir='ltr'>quidem</span> <span class='ocrx_word' id='word_1_155' title='bbox 2357 3224 2541 3296; x_wconf 90' lang='lat' dir='ltr'>malo</span> <span class='ocrx_word' id='word_1_156' title='bbox 2577 3248 2704 3297; x_wconf 84' lang='lat' dir='ltr'>rex</span> <span class='ocrx_word' id='word_1_157' title='bbox 2753 3225 3022 3298; x_wconf 89' lang='lat' dir='ltr'>mederi</span> 
     </span>
     <span class='ocr_line' id='line_1_22' title="bbox 778 3348 3024 3443; baseline 0.001 -24"><span class='ocrx_word' id='word_1_158' title='bbox 778 3356 980 3443; x_wconf 86' lang='lat' dir='ltr'>parat</span> <span class='ocrx_word' id='word_1_159' title='bbox 1035 3348 1264 3419; x_wconf 90' lang='lat' dir='ltr'>missis</span> <span class='ocrx_word' id='word_1_160' title='bbox 1311 3348 1477 3420; x_wconf 88' lang='lat' dir='ltr'>illuc</span> <span class='ocrx_word' id='word_1_161' title='bbox 1515 3370 1750 3420; x_wconf 78' lang='lat' dir='ltr'>Lxclc</span> <span class='ocrx_word' id='word_1_162' title='bbox 1806 3349 2091 3421; x_wconf 87' lang='lat' dir='ltr'>scutatis</span> <span class='ocrx_word' id='word_1_163' title='bbox 2143 3348 2266 3421; x_wconf 89' lang='lat' dir='ltr'>sed</span> <span class='ocrx_word' id='word_1_164' title='bbox 2291 3349 2507 3420; x_wconf 89' lang='lat' dir='ltr'>animi</span> <span class='ocrx_word' id='word_1_165' title='bbox 2566 3350 2804 3422; x_wconf 89' lang='lat' dir='ltr'>multis</span> <span class='ocrx_word' id='word_1_166' title='bbox 2840 3348 3024 3422; x_wconf 86' lang='lat' dir='ltr'>male</span> 
     </span>
     <span class='ocr_line' id='line_1_23' title="bbox 782 3472 3021 3572; baseline 0.001 -28"><span class='ocrx_word' id='word_1_167' title='bbox 782 3472 1312 3545; x_wconf 86' lang='lat' dir='ltr'>tractationibus</span> <span class='ocrx_word' id='word_1_168' title='bbox 1336 3472 1717 3545; x_wconf 86' lang='lat' dir='ltr'>exulcerati</span> <span class='ocrx_word' id='word_1_169' title='bbox 1736 3472 1826 3544; x_wconf 92' lang='lat' dir='ltr'>ad</span> <span class='ocrx_word' id='word_1_170' title='bbox 1849 3474 2215 3546; x_wconf 89' lang='lat' dir='ltr'>sanitatem</span> <span class='ocrx_word' id='word_1_171' title='bbox 2234 3485 2312 3547; x_wconf 87' lang='lat' dir='ltr'>ut</span> <span class='ocrx_word' id='word_1_172' title='bbox 2335 3475 2619 3548; x_wconf 84' lang='lat' dir='ltr'>redeant</span> <span class='ocrx_word' id='word_1_173' title='bbox 2647 3474 3021 3572; x_wconf 85' lang='lat' dir='ltr'>optandum</span> 
     </span>
     <span class='ocr_line' id='line_1_24' title="bbox 778 3597 3020 3696; baseline 0.002 -27"><span class='ocrx_word' id='word_1_174' title='bbox 778 3597 1083 3693; x_wconf 85' lang='lat' dir='ltr'>quidem,</span> <span class='ocrx_word' id='word_1_175' title='bbox 1117 3597 1386 3669; x_wconf 86' lang='lat' dir='ltr'>utinam</span> <span class='ocrx_word' id='word_1_176' title='bbox 1420 3606 1490 3669; x_wconf 86' lang='lat' dir='ltr'>et</span> <span class='ocrx_word' id='word_1_177' title='bbox 1527 3598 1799 3692; x_wconf 82' lang='lat' dir='ltr'>sperari</span> <span class='ocrx_word' id='word_1_178' title='bbox 1818 3598 2149 3691; x_wconf 71' lang='lat' dir='ltr'>possit4.»</span> <span class='ocrx_word' id='word_1_179' title='bbox 2175 3600 2416 3694; x_wconf 88' lang='lat' dir='ltr'>Itaque</span> <span class='ocrx_word' id='word_1_180' title='bbox 2439 3600 2719 3696; x_wconf 89' lang='lat' dir='ltr'>quando</span> <span class='ocrx_word' id='word_1_181' title='bbox 2740 3599 3020 3673; x_wconf 88' lang='lat' dir='ltr'>adfines</span> 
     </span>
     <span class='ocr_line' id='line_1_25' title="bbox 780 3722 3014 3819; baseline 0.002 -26"><span class='ocrx_word' id='word_1_182' title='bbox 780 3722 1192 3794; x_wconf 83' lang='lat' dir='ltr'>Rhaetorum</span> <span class='ocrx_word' id='word_1_183' title='bbox 1229 3722 1511 3793; x_wconf 87' lang='lat' dir='ltr'>Priolus</span> <span class='ocrx_word' id='word_1_184' title='bbox 1547 3723 1896 3817; x_wconf 85' lang='lat' dir='ltr'>pervenit,</span> <span class='ocrx_word' id='word_1_185' title='bbox 1933 3724 2166 3795; x_wconf 90' lang='lat' dir='ltr'>omnia</span> <span class='ocrx_word' id='word_1_186' title='bbox 2197 3725 2348 3817; x_wconf 87' lang='lat' dir='ltr'>jam</span> <span class='ocrx_word' id='word_1_187' title='bbox 2393 3734 2591 3797; x_wconf 90' lang='lat' dir='ltr'>erant</span> <span class='ocrx_word' id='word_1_188' title='bbox 2619 3724 3014 3819; x_wconf 84' lang='lat' dir='ltr'>desperata:</span> 
     </span>
    </p>
   </div>
   <div class='ocr_carea' id='block_1_3' title="bbox 773 3972 3061 4675">
    <p class='ocr_par' dir='ltr' id='par_1_3' title="bbox 841 3972 2611 4038">
     <span class='ocr_line' id='line_1_26' title="bbox 841 3972 2611 4038; baseline -0.001 -13"><span class='ocrx_word' id='word_1_189' title='bbox 841 3976 861 4011; x_wconf 89' lang='lat'>¹</span> <span class='ocrx_word' id='word_1_190' title='bbox 900 3975 1073 4026; x_wconf 83' lang='lat' dir='ltr'>Me&#39;m.</span> <span class='ocrx_word' id='word_1_191' title='bbox 1103 3974 1180 4023; x_wconf 80' lang='lat' dir='ltr'>du</span> <span class='ocrx_word' id='word_1_192' title='bbox 1200 3973 1306 4023; x_wconf 76' lang='lat' dir='ltr'>duc</span> <span class='ocrx_word' id='word_1_193' title='bbox 1323 3974 1390 4023; x_wconf 82' lang='lat' dir='ltr'>de</span> <span class='ocrx_word' id='word_1_194' title='bbox 1415 3974 1632 4036; x_wconf 77' lang='lat' dir='ltr'>Rohan,</span> <span class='ocrx_word' id='word_1_195' title='bbox 1662 3972 1781 4024; x_wconf 83' lang='lat' dir='ltr'>coll.</span> <span class='ocrx_word' id='word_1_196' title='bbox 1810 3974 2007 4024; x_wconf 82' lang='lat' dir='ltr'>Petitot</span> <span class='ocrx_word' id='word_1_197' title='bbox 2035 3974 2178 4035; x_wconf 89' lang='lat' dir='ltr'>XIX,</span> <span class='ocrx_word' id='word_1_198' title='bbox 2216 3990 2267 4038; x_wconf 89' lang='lat' dir='ltr'>p.</span> <span class='ocrx_word' id='word_1_199' title='bbox 2294 3973 2387 4022; x_wconf 81' lang='lat'>182</span> <span class='ocrx_word' id='word_1_200' title='bbox 2406 3979 2457 4022; x_wconf 83' lang='lat' dir='ltr'>et</span> <span class='ocrx_word' id='word_1_201' title='bbox 2480 3975 2611 4024; x_wconf 81' lang='lat' dir='ltr'>suiv.</span> 
     </span>
    </p>

    <p class='ocr_par' dir='ltr' id='par_1_4' title="bbox 776 4052 3022 4197">
     <span class='ocr_line' id='line_1_27' title="bbox 841 4052 3022 4126; baseline 0.001 -23"><span class='ocrx_word' id='word_1_202' title='bbox 841 4053 1038 4111; x_wconf 74' lang='lat' dir='ltr'>21bid„</span> <span class='ocrx_word' id='word_1_203' title='bbox 1069 4052 1261 4126; x_wconf 42' lang='lat' dir='ltr'><strong>p.·183.</strong></span> <span class='ocrx_word' id='word_1_204' title='bbox 1300 4069 1325 4098; x_wconf 87' lang='lat'>«</span> <span class='ocrx_word' id='word_1_205' title='bbox 1361 4053 1516 4101; x_wconf 85' lang='lat' dir='ltr'>Aussi</span> <span class='ocrx_word' id='word_1_206' title='bbox 1548 4052 1706 4101; x_wconf 87' lang='lat' dir='ltr'>fut-on</span> <span class='ocrx_word' id='word_1_207' title='bbox 1739 4052 2062 4110; x_wconf 61' lang='lat' dir='ltr'>touchetres</span> <span class='ocrx_word' id='word_1_208' title='bbox 2095 4053 2463 4104; x_wconf 85' lang='lat' dir='ltr'>sensiblement</span> <span class='ocrx_word' id='word_1_209' title='bbox 2500 4054 2564 4103; x_wconf 88' lang='lat' dir='ltr'>de</span> <span class='ocrx_word' id='word_1_210' title='bbox 2598 4054 2646 4104; x_wconf 84' lang='lat' dir='ltr'>la</span> <span class='ocrx_word' id='word_1_211' title='bbox 2689 4055 2907 4106; x_wconf 84' lang='lat' dir='ltr'>relation</span> <span class='ocrx_word' id='word_1_212' title='bbox 2957 4057 3022 4106; x_wconf 86' lang='lat' dir='ltr'>de</span> 
     </span>
     <span class='ocr_line' id='line_1_28' title="bbox 776 4131 2336 4197; baseline -0.004 -12"><span class='ocrx_word' id='word_1_213' title='bbox 776 4134 1034 4193; x_wconf 82' lang='lat' dir='ltr'>Prioleau‚</span> <span class='ocrx_word' id='word_1_214' title='bbox 1067 4131 1287 4197; x_wconf 83' lang='lat' dir='ltr'>laquelle</span> <span class='ocrx_word' id='word_1_215' title='bbox 1318 4147 1384 4181; x_wconf 91' lang='lat' dir='ltr'>on</span> <span class='ocrx_word' id='word_1_216' title='bbox 1411 4138 1525 4181; x_wconf 87' lang='lat' dir='ltr'>crut</span> <span class='ocrx_word' id='word_1_217' title='bbox 1567 4132 1633 4181; x_wconf 84' lang='lat' dir='ltr'>de</span> <span class='ocrx_word' id='word_1_218' title='bbox 1659 4138 1772 4182; x_wconf 85' lang='lat' dir='ltr'>tous</span> <span class='ocrx_word' id='word_1_219' title='bbox 1805 4134 1977 4197; x_wconf 86' lang='lat' dir='ltr'>points</span> <span class='ocrx_word' id='word_1_220' title='bbox 2006 4133 2271 4184; x_wconf 72' lang='lat' dir='ltr'>veritable.</span> <span class='ocrx_word' id='word_1_221' title='bbox 2310 4152 2336 4179; x_wconf 83' lang='grc'>»</span> 
     </span>
    </p>

    <p class='ocr_par' dir='ltr' id='par_1_5' title="bbox 773 4212 3061 4675">
     <span class='ocr_line' id='line_1_29' title="bbox 838 4212 3061 4278; baseline 0.002 -15"><span class='ocrx_word' id='word_1_222' title='bbox 838 4213 862 4249; x_wconf 78' lang='lat'><strong>⁸</strong></span> <span class='ocrx_word' id='word_1_223' title='bbox 898 4215 1127 4270; x_wconf 70' lang='lat' dir='ltr'>Lecto-es,</span> <span class='ocrx_word' id='word_1_224' title='bbox 1180 4212 1570 4269; x_wconf 53' lang='lat' dir='ltr'>instruction&amp;</span> <span class='ocrx_word' id='word_1_225' title='bbox 1599 4218 1716 4272; x_wconf 65' lang='lat' dir='ltr'>eto„</span> <span class='ocrx_word' id='word_1_226' title='bbox 1752 4218 1790 4263; x_wconf 84' lang='lat' dir='ltr'>t.</span> <span class='ocrx_word' id='word_1_227' title='bbox 1825 4212 1891 4273; x_wconf 90' lang='lat' dir='ltr'>V,</span> <span class='ocrx_word' id='word_1_228' title='bbox 1941 4230 1992 4278; x_wconf 91' lang='lat' dir='ltr'>p.</span> <span class='ocrx_word' id='word_1_229' title='bbox 2037 4212 2148 4262; x_wconf 81' lang='lat'><strong>764.</strong></span> <span class='ocrx_word' id='word_1_230' title='bbox 2177 4214 2370 4263; x_wconf 78' lang='lat' dir='ltr'>Lettre</span> <span class='ocrx_word' id='word_1_231' title='bbox 2398 4217 2478 4263; x_wconf 78' lang='lat' dir='ltr'>du</span> <span class='ocrx_word' id='word_1_232' title='bbox 2509 4216 2781 4266; x_wconf 70' lang='lat' dir='ltr'>Gard‘i‘nal</span> <span class='ocrx_word' id='word_1_233' title='bbox 2813 4231 2891 4266; x_wconf 79' lang='lat' dir='ltr'>au</span> <span class='ocrx_word' id='word_1_234' title='bbox 2919 4220 3027 4268; x_wconf 81' lang='lat' dir='ltr'>Roi</span> <span class='ocrx_word' id='word_1_235' title='bbox 3054 4239 3061 4246; x_wconf 84' lang='lat'><strong>·</strong></span> 
     </span>
     <span class='ocr_line' id='line_1_30' title="bbox 776 4290 3023 4356; baseline 0.002 -16"><span class='ocrx_word' id='word_1_236' title='bbox 776 4314 801 4340; x_wconf 92' lang='lat'>«</span> <span class='ocrx_word' id='word_1_237' title='bbox 833 4294 897 4342; x_wconf 84' lang='lat' dir='ltr'>Je</span> <span class='ocrx_word' id='word_1_238' title='bbox 926 4293 1005 4341; x_wconf 86' lang='lat' dir='ltr'>fus</span> <span class='ocrx_word' id='word_1_239' title='bbox 1033 4292 1148 4341; x_wconf 84' lang='lat' dir='ltr'>hier</span> <span class='ocrx_word' id='word_1_240' title='bbox 1173 4290 1347 4340; x_wconf 86' lang='lat' dir='ltr'>disner</span> <span class='ocrx_word' id='word_1_241' title='bbox 1371 4293 1402 4339; x_wconf 76' lang='lat' dir='ltr'>a</span> <span class='ocrx_word' id='word_1_242' title='bbox 1433 4292 1582 4340; x_wconf 84' lang='lat' dir='ltr'>Paris</span> <span class='ocrx_word' id='word_1_243' title='bbox 1615 4307 1745 4356; x_wconf 88' lang='lat' dir='ltr'>pour</span> <span class='ocrx_word' id='word_1_244' title='bbox 1776 4294 1889 4341; x_wconf 86' lang='lat' dir='ltr'>voir</span> <span class='ocrx_word' id='word_1_245' title='bbox 1923 4293 1995 4344; x_wconf 90' lang='lat' dir='ltr'>M.</span> <span class='ocrx_word' id='word_1_246' title='bbox 2032 4293 2095 4341; x_wconf 86' lang='lat' dir='ltr'>de</span> <span class='ocrx_word' id='word_1_247' title='bbox 2124 4291 2352 4345; x_wconf 91' lang='lat' dir='ltr'>Bullion.</span> <span class='ocrx_word' id='word_1_248' title='bbox 2388 4294 2532 4344; x_wconf 89' lang='lat' dir='ltr'>Nous</span> <span class='ocrx_word' id='word_1_249' title='bbox 2585 4297 2757 4345; x_wconf 88' lang='lat' dir='ltr'>flsmes</span> <span class='ocrx_word' id='word_1_250' title='bbox 2799 4312 2864 4346; x_wconf 85' lang='lat' dir='ltr'>en</span> <span class='ocrx_word' id='word_1_251' title='bbox 2896 4298 3023 4347; x_wconf 85' lang='lat' dir='ltr'>trois</span> 
     </span>
     <span class='ocr_line' id='line_1_31' title="bbox 778 4370 3025 4440; baseline 0.001 -17"><span class='ocrx_word' id='word_1_252' title='bbox 778 4390 843 4423; x_wconf 95' lang='lat' dir='ltr'>ou</span> <span class='ocrx_word' id='word_1_253' title='bbox 869 4378 1049 4437; x_wconf 85' lang='lat' dir='ltr'>quatre</span> <span class='ocrx_word' id='word_1_254' title='bbox 1077 4373 1262 4421; x_wconf 85' lang='lat' dir='ltr'>heures</span> <span class='ocrx_word' id='word_1_255' title='bbox 1289 4386 1411 4419; x_wconf 88' lang='lat' dir='ltr'>avec</span> <span class='ocrx_word' id='word_1_256' title='bbox 1444 4370 1517 4420; x_wconf 91' lang='lat' dir='ltr'>lui</span> <span class='ocrx_word' id='word_1_257' title='bbox 1548 4375 1658 4420; x_wconf 82' lang='lat' dir='ltr'>tout</span> <span class='ocrx_word' id='word_1_258' title='bbox 1689 4386 1746 4420; x_wconf 88' lang='lat' dir='ltr'>ce</span> <span class='ocrx_word' id='word_1_259' title='bbox 1778 4373 1929 4436; x_wconf 87' lang='lat' dir='ltr'>qu’on</span> <span class='ocrx_word' id='word_1_260' title='bbox 1962 4376 2083 4437; x_wconf 87' lang='lat' dir='ltr'>peut</span> <span class='ocrx_word' id='word_1_261' title='bbox 2111 4372 2239 4421; x_wconf 87' lang='lat' dir='ltr'>faire</span> <span class='ocrx_word' id='word_1_262' title='bbox 2271 4375 2301 4422; x_wconf 69' lang='lat' dir='ltr'>a</span> <span class='ocrx_word' id='word_1_263' title='bbox 2329 4372 2523 4423; x_wconf 83' lang='lat' dir='ltr'>l’heure</span> <span class='ocrx_word' id='word_1_264' title='bbox 2548 4378 2784 4440; x_wconf 68' lang='lat' dir='ltr'>presente</span> <span class='ocrx_word' id='word_1_265' title='bbox 2803 4391 2869 4424; x_wconf 88' lang='lat' dir='ltr'>au</span> <span class='ocrx_word' id='word_1_266' title='bbox 2901 4376 3025 4425; x_wconf 74' lang='lat' dir='ltr'>mal-</span> 
     </span>
     <span class='ocr_line' id='line_1_32' title="bbox 773 4449 3020 4516; baseline 0.001 -14"><span class='ocrx_word' id='word_1_267' title='bbox 773 4453 903 4502; x_wconf 83' lang='lat' dir='ltr'>heur</span> <span class='ocrx_word' id='word_1_268' title='bbox 934 4452 996 4500; x_wconf 91' lang='lat' dir='ltr'>de</span> <span class='ocrx_word' id='word_1_269' title='bbox 1019 4451 1235 4501; x_wconf 82' lang='lat' dir='ltr'>l&#39;affaire</span> <span class='ocrx_word' id='word_1_270' title='bbox 1262 4451 1326 4500; x_wconf 89' lang='lat' dir='ltr'>de</span> <span class='ocrx_word' id='word_1_271' title='bbox 1360 4451 1408 4500; x_wconf 86' lang='lat' dir='ltr'>la</span> <span class='ocrx_word' id='word_1_272' title='bbox 1429 4449 1705 4502; x_wconf 84' lang='lat' dir='ltr'>Valteline.</span> <span class='ocrx_word' id='word_1_273' title='bbox 1740 4451 1981 4501; x_wconf 84' lang='lat' dir='ltr'>Prioleau</span> <span class='ocrx_word' id='word_1_274' title='bbox 2005 4457 2121 4516; x_wconf 86' lang='lat' dir='ltr'>part</span> <span class='ocrx_word' id='word_1_275' title='bbox 2141 4467 2199 4501; x_wconf 86' lang='lat' dir='ltr'>ce</span> <span class='ocrx_word' id='word_1_276' title='bbox 2229 4454 2391 4502; x_wconf 76' lang='lat' dir='ltr'>malin</span> <span class='ocrx_word' id='word_1_277' title='bbox 2427 4471 2549 4505; x_wconf 82' lang='lat' dir='ltr'>avec</span> <span class='ocrx_word' id='word_1_278' title='bbox 2583 4455 2714 4505; x_wconf 87' lang='lat' dir='ltr'>deux</span> <span class='ocrx_word' id='word_1_279' title='bbox 2740 4461 2857 4505; x_wconf 86' lang='lat' dir='ltr'>cent</span> <span class='ocrx_word' id='word_1_280' title='bbox 2881 4455 3020 4505; x_wconf 85' lang='lat' dir='ltr'>mille</span> 
     </span>
     <span class='ocr_line' id='line_1_33' title="bbox 773 4529 3018 4597; baseline -0.001 -15"><span class='ocrx_word' id='word_1_281' title='bbox 773 4534 941 4583; x_wconf 85' lang='lat' dir='ltr'>francs</span> <span class='ocrx_word' id='word_1_282' title='bbox 971 4546 1101 4597; x_wconf 88' lang='lat' dir='ltr'>pour</span> <span class='ocrx_word' id='word_1_283' title='bbox 1129 4531 1198 4582; x_wconf 87' lang='lat' dir='ltr'>M.</span> <span class='ocrx_word' id='word_1_284' title='bbox 1235 4530 1298 4578; x_wconf 89' lang='lat' dir='ltr'>de</span> <span class='ocrx_word' id='word_1_285' title='bbox 1331 4530 1518 4579; x_wconf 86' lang='lat' dir='ltr'>Rohan</span> <span class='ocrx_word' id='word_1_286' title='bbox 1551 4535 1601 4578; x_wconf 86' lang='lat' dir='ltr'>et</span> <span class='ocrx_word' id='word_1_287' title='bbox 1633 4529 1765 4580; x_wconf 87' lang='lat' dir='ltr'>deux</span> <span class='ocrx_word' id='word_1_288' title='bbox 1793 4537 1907 4581; x_wconf 83' lang='lat' dir='ltr'>cent</span> <span class='ocrx_word' id='word_1_289' title='bbox 1936 4531 2075 4580; x_wconf 88' lang='lat' dir='ltr'>mille</span> <span class='ocrx_word' id='word_1_290' title='bbox 2096 4547 2227 4596; x_wconf 89' lang='lat' dir='ltr'>pour</span> <span class='ocrx_word' id='word_1_291' title='bbox 2245 4532 2321 4581; x_wconf 84' lang='lat' dir='ltr'>les</span> <span class='ocrx_word' id='word_1_292' title='bbox 2348 4532 2566 4582; x_wconf 79' lang='lat' dir='ltr'>SuisseS.</span> <span class='ocrx_word' id='word_1_293' title='bbox 2604 4531 2706 4581; x_wconf 76' lang='lat'>»30</span> <span class='ocrx_word' id='word_1_294' title='bbox 2726 4547 2866 4581; x_wconf 83' lang='lat' dir='ltr'>mars</span> <span class='ocrx_word' id='word_1_295' title='bbox 2878 4532 3018 4582; x_wconf 86' lang='grc'><strong>1637.</strong></span> 
     </span>
     <span class='ocr_line' id='line_1_34' title="bbox 777 4609 3020 4675; baseline -0 -12"><span class='ocrx_word' id='word_1_296' title='bbox 777 4612 1081 4663; x_wconf 83' lang='lat' dir='ltr'>Rohannius</span> <span class='ocrx_word' id='word_1_297' title='bbox 1141 4611 1194 4658; x_wconf 88' lang='lat' dir='ltr'>in</span> <span class='ocrx_word' id='word_1_298' title='bbox 1229 4610 1612 4659; x_wconf 81' lang='lat' dir='ltr'>commentariis</span> <span class='ocrx_word' id='word_1_299' title='bbox 1654 4615 1720 4674; x_wconf 90' lang='lat' dir='ltr'>(p.</span> <span class='ocrx_word' id='word_1_300' title='bbox 1750 4609 1864 4670; x_wconf 88' lang='grc'><strong>184)</strong></span> <span class='ocrx_word' id='word_1_301' title='bbox 1905 4612 2198 4675; x_wconf 80' lang='lat' dir='ltr'>octingenta</span> <span class='ocrx_word' id='word_1_302' title='bbox 2230 4611 2389 4662; x_wconf 83' lang='lat' dir='ltr'>millia</span> <span class='ocrx_word' id='word_1_303' title='bbox 2421 4611 2670 4661; x_wconf 84' lang='lat' dir='ltr'>librarum</span> <span class='ocrx_word' id='word_1_304' title='bbox 2705 4627 2735 4659; x_wconf 86' lang='lat' dir='ltr'>a</span> <span class='ocrx_word' id='word_1_305' title='bbox 2783 4612 3020 4663; x_wconf 85' lang='lat' dir='ltr'>Riohelio</span> 
     </span>
    </p>
   </div>
   <div class='ocr_carea' id='block_1_4' title="bbox 777 4689 1989 4835">
    <p class='ocr_par' dir='ltr' id='par_1_6' title="bbox 777 4689 1989 4835">
     <span class='ocr_line' id='line_1_35' title="bbox 777 4689 1438 4759; baseline -0.006 -17"><span class='ocrx_word' id='word_1_306' title='bbox 777 4692 1031 4759; x_wconf 81' lang='lat' dir='ltr'>promissa</span> <span class='ocrx_word' id='word_1_307' title='bbox 1057 4705 1172 4740; x_wconf 86' lang='lat' dir='ltr'>esse</span> <span class='ocrx_word' id='word_1_308' title='bbox 1199 4689 1438 4739; x_wconf 83' lang='lat' dir='ltr'>affirmat.</span> 
     </span>
     <span class='ocr_line' id='line_1_36' title="bbox 839 4768 1989 4835; baseline 0.001 -15"><span class='ocrx_word' id='word_1_309' title='bbox 839 4772 864 4808; x_wconf 82' lang='lat'><strong>⁴</strong></span> <span class='ocrx_word' id='word_1_310' title='bbox 900 4771 1079 4835; x_wconf 81' lang='lat' dir='ltr'>Epist.</span> <span class='ocrx_word' id='word_1_311' title='bbox 1116 4771 1327 4833; x_wconf 60' lang='lat' dir='ltr'>Groui,</span> <span class='ocrx_word' id='word_1_312' title='bbox 1363 4779 1423 4818; x_wconf 87' lang='lat' dir='ltr'>n⁰</span> <span class='ocrx_word' id='word_1_313' title='bbox 1445 4770 1557 4828; x_wconf 83' lang='lat'><strong>734,</strong></span> <span class='ocrx_word' id='word_1_314' title='bbox 1584 4784 1641 4833; x_wconf 81' lang='lat' dir='ltr'>p.</span> <span class='ocrx_word' id='word_1_315' title='bbox 1667 4768 1782 4830; x_wconf 84' lang='lat'><strong>313,</strong></span> <span class='ocrx_word' id='word_1_316' title='bbox 1810 4769 1906 4819; x_wconf 87' lang='lat' dir='ltr'>col.</span> <span class='ocrx_word' id='word_1_317' title='bbox 1937 4770 1989 4821; x_wconf 79' lang='lat'>2.</span> 
     </span>
    </p>
   </div>
   <div class='ocr_carea' id='block_1_5' title="bbox 3443 1279 3465 2524">
    <p class='ocr_par' dir='ltr' id='par_1_7' title="bbox 3443 1279 3465 2524">
     <span class='ocr_line' id='line_1_37' title="bbox 3443 1279 3465 2524; baseline 0 0"><span class='ocrx_word' id='word_1_318' title='bbox 3443 1279 3465 2524; x_wconf 95' lang='lat' dir='ltr'> </span> 
     </span>
    </p>
   </div>
   <div class='ocr_carea' id='block_1_6' title="bbox 3447 4030 3461 4809">
    <p class='ocr_par' dir='ltr' id='par_1_8' title="bbox 3447 4030 3461 4809">
     <span class='ocr_line' id='line_1_38' title="bbox 3447 4030 3461 4809; baseline 0 0"><span class='ocrx_word' id='word_1_319' title='bbox 3447 4030 3461 4809; x_wconf 95' lang='lat' dir='ltr'> </span> 
     </span>
    </p>
   </div>
   <div class='ocr_carea' id='block_1_7' title="bbox 3448 5030 3460 5657">
    <p class='ocr_par' dir='ltr' id='par_1_9' title="bbox 3448 5030 3460 5657">
     <span class='ocr_line' id='line_1_39' title="bbox 3448 5030 3460 5657; baseline 0 0"><span class='ocrx_word' id='word_1_320' title='bbox 3448 5030 3460 5657; x_wconf 95' lang='lat' dir='ltr'> </span> 
     </span>
    </p>
   </div>
  </div>
 </body>
</html>
