3507 5683
904 657 969 707 76
1592 654 1692 704 DE
1724 652 2177 704 BENJAMIMI
2212 652 2488 703 PRIOLI

906 794 1216 868 millibus
1263 800 1709 881 scutatorum,
1760 813 2017 885 anceps
2053 789 2331 886 quidem
2380 789 2674 885 quaestio
2704 788 3145 861 :arbitratur

905 919 1231 1013 Tamizey
1276 915 1363 988 de
1390 916 1751 1009 Larroque
1780 916 1852 985 in
1878 916 2010 987 hoc
2039 914 2575 988 commentarios
2602 913 2688 984 de
2718 913 2972 1008 quibus
2996 912 3143 1004 agi-

906 1054 1021 1117 tur
1055 1042 1347 1138 epistola
1390 1038 1687 1136 quadam
1728 1040 1952 1112 Prioli
1988 1063 2143 1113 esse
2197 1038 2612 1113 confutatos.
2675 1037 2932 1110 Scribit
2961 1036 3144 1108 enim

903 1170 992 1243 ad
1013 1167 1415 1240 Colbertum
1445 1162 1730 1237 Priolus
1761 1165 2004 1238 ultima
2028 1166 2271 1261 aprilis
2297 1165 2408 1237 die
2433 1165 2603 1237 anni
2626 1165 2821 1236 1662
2843 1187 2859 1233 :
2890 1188 2927 1231 α
2950 1162 3140 1234 Vous

904 1318 1071 1368 avez
1113 1292 1349 1365 donne
1400 1312 1489 1363 au
1527 1288 1686 1361 dela
1736 1290 1824 1362 de
1881 1314 1959 1362 ce
2024 1291 2183 1387 qu’il
2237 1289 2387 1362 faut
2441 1312 2616 1384 pour
2681 1286 3144 1382 l’impression

903 1419 1027 1491 des
1066 1419 1224 1513 cinq
1263 1418 1478 1498 livres
1517 1417 1603 1490 de
1647 1442 1809 1489 mon
1851 1417 2164 1507 histoire,
2189 1418 2274 1486 ¹»
2309 1435 2713 1512 quanquam
2740 1411 2878 1482 duo
2927 1409 3146 1481 millia

904 1544 1247 1615 librarum
1287 1543 1766 1614 tantummodo
1822 1549 2209 1637 acceperat.
2289 1537 2845 1635 Expendendum
2915 1544 3144 1606 autem

904 1676 1227 1741 accurate
1279 1688 1437 1762 quae
1488 1668 1828 1755 Brienna,
1890 1690 2029 1739 non
2080 1689 2204 1760 per
2251 1688 2353 1753 se,
2408 1662 2531 1735 sed
2581 1689 2665 1736 ex
2713 1685 2837 1734 ore
2896 1659 3142 1747 Prioli‚

905 1791 1419 1865 mendacissimi
1470 1792 1634 1880 viri,
1678 1792 1986 1880 collecta,
2040 1791 2334 1863 dixerit:
2400 1817 2436 1861 «
2474 1788 2715 1862 Priolo
2762 1788 2899 1859 m'a
2931 1787 3149 1860 confie

906 1915 1077 2013 qu'il
1129 1921 1314 1992 avait
1350 1943 1515 2009 recu
1570 1918 1657 1992 de
1702 1919 1799 1990 lui
1850 1917 1968 1988 dix
2010 1916 2205 1989 mille
2255 1921 2420 1988 ecus
2464 1938 2639 2010 pour
2685 1913 2792 1985 les
2842 1910 3017 1984 frais
3065 1912 3151 1985 de

907 2044 1364 2151 l’impression
1408 2054 1476 2115 et
1506 2044 1574 2116 la
1620 2044 2095 2117 continuation
2124 2043 2211 2115 de
2254 2065 2334 2114 sa
2363 2042 2658 2137 pension
2712 2061 2793 2110 sa
2840 2039 2950 2110 vie
3015 2038 3152 2109 du·-

905 2182 1085 2243 rant.
1119 2194 1157 2241 »
1196 2170 1484 2241 Constat
1505 2170 1690 2240 enim
1711 2168 2030 2241 Priolum
2058 2178 2318 2242 tantam
2346 2168 2711 2263 pecuniam
2749 2186 2937 2238 anno
2961 2165 3149 2239 1662

906 2311 1045 2360 non
1100 2285 1489 2380 accepisse:
1549 2285 1637 2358 de
1689 2307 1874 2356 anno
1928 2294 2157 2358 autem
2214 2283 2398 2380 apud
2435 2285 2821 2360 Briennam
2871 2289 3140 2378 siletur,

906 2434 1133 2509 neque
1173 2411 1428 2483 mirum
1457 2412 1515 2482 si
1547 2417 1785 2483 noster
1819 2409 2060 2482 decem
2094 2410 2405 2482 millibus
2444 2421 2882 2485 scutatorum
2911 2437 2948 2487 a
2984 2417 3148 2488 Col-

907 2539 1107 2611 berto
1153 2537 1241 2609 ab
1290 2559 1476 2609 anno
1522 2537 1713 2608 1662
1753 2558 1976 2632 usque
2024 2534 2114 2608 ad
2169 2558 2437 2607 annum
2501 2538 2690 2611 1667
2759 2564 2892 2636 quo
2936 2564 2973 2611 e
3011 2542 3149 2613 vita

909 2657 1238 2753 excessit,
1274 2661 1487 2734 fuerit
1516 2660 1841 2734 donatus
1874 2661 1949 2731 In
1987 2685 2122 2756 quo
2146 2670 2392 2733 testem
2417 2663 2752 2736 habemus
2782 2667 2936 2761 ejus
2960 2668 3153 2762 epis-

910 2788 1125 2862 tolam
1182 2788 1585 2884 quamdam,
1621 2789 1751 2860 sub
1799 2785 1937 2861 fine
1983 2788 2147 2860 anni
2208 2788 2395 2860 1665
2444 2790 2795 2887 scriptam,
2835 2793 2910 2862 in
2941 2793 3074 2887 qua
3109 2814 3151 2863 a

911 2914 1232 2989 Colberto
1272 2914 1506 2986 nescio
1536 2936 1744 3009 quam
1776 2915 2051 3008 argenti
2080 2937 2451 3003 summam,
2486 2917 2810 2991 videlicet
2840 2916 3152 2989 dolorum

911 3042 1377 3114 levamentum
1399 3051 1467 3112 et
1495 3039 1804 3112 historiae
1822 3039 2241 3131 mercedem,
2258 3040 2640 3116 humillime
2660 3044 3072 3138 deprecatur
3093 3041 3144 3114 ².

912 3168 1016 3239 De
1079 3176 1312 3239 autem
1369 3189 1613 3237 errore
1662 3166 2000 3236 Briennae
2054 3189 2185 3261 quo
2247 3166 2646 3239 Mazarinus
2703 3190 2886 3241 anno
2968 3168 3154 3242 1662

913 3293 1115 3363 vivus
1168 3292 1395 3364 adhuc
1462 3290 1789 3386 fingitur,
1853 3290 2031 3363 nihil
2096 3303 2201 3363 est
2272 3293 2453 3387 quod
2511 3293 2779 3384 dicam,
2848 3296 2982 3368 nisi
3035 3298 3146 3385 sit,

915 3424 990 3489 ut
1042 3418 1288 3513 opinor
1343 3417 1590 3490 calami
1645 3417 1917 3511 lapsuS,
1978 3441 2119 3489 non
2174 3417 2270 3490 ita
2316 3419 2648 3490 Briennae
2693 3413 2939 3492 animo'
2979 3444 3151 3516 cap-

913 3543 1181 3615 tivitate
1219 3566 1345 3637 per
1390 3565 1597 3639 quam
1652 3542 2189 3615 commentarios
2247 3543 2549 3637 scripsit,
2600 3546 2874 3616 turbato
2916 3555 2991 3617 ut
3033 3546 3151 3641 qui

913 3667 1231 3738 maximis
1260 3668 1660 3740 muneribus
1695 3668 1826 3739 sub
1868 3669 2212 3762 regimine
2267 3668 2610 3740 Mazarini
2649 3669 2931 3742 functus
2971 3680 3147 3763 erat,

910 3790 1344 3864 cardinalem
1394 3814 1580 3866 anno
1657 3792 1839 3863 1661
1893 3792 2153 3865 obiisse
2228 3785 2566 3886 ignorare
2642 3803 2764 3867 aut
2838 3795 3156 3867 oblivisci

908 3916 1240 4014 potuerit.
1296 3915 1767 4007 Crediderim,
1826 3915 2081 4007 fateor,
2121 3917 2419 3990 libenter
2464 3918 2695 4013 potius
2736 3924 2907 3992 vera
2945 3943 3155 4014 quam

908 4041 1068 4114 ficta
1104 4039 1349 4130 fuisse,
1420 4064 1581 4138 quae
1626 4042 1713 4114 de
1760 4042 1995 4113 Priolo
2059 4041 2378 4114 Brienna
2437 4044 2896 4117 memoravit:
2946 4048 3152 4117 norat

975 4382 992 4415 ¹
1022 4383 1170 4430 Lett.
1206 4381 1448 4431 ineditos
1469 4383 1625 4431 de‘B.
1663 4379 1878 4437 Priola,
1907 4393 2026 4438 xm,
2061 4395 2114 4444 p.
2149 4379 2232 4431 20.

969 4460 992 4496 ²
1024 4463 1257 4524 Leto—es,
1291 4460 1677 4510 instructions
1708 4469 1761 4508 ec
1785 4460 2082 4508 me'moires
2107 4463 2175 4508 de
2200 4459 2435 4523 Colbert,
2462 4458 2666 4524 publies
2685 4475 2779 4525 par
2812 4462 2874 4512 P.
2922 4461 3157 4514 Clement

909 4536 1077 4601 Paris,
1111 4535 1250 4598 1868,
1278 4541 1316 4585 t.
1337 4536 1405 4586 V.
1433 4536 1772 4599 Appendice,
1805 4551 1855 4599 p.
1888 4535 2001 4586 509.
2033 4536 2203 4584 Lettre
2228 4534 2290 4583 de
2321 4535 2498 4584 Priolo
2531 4538 2564 4584 a
2599 4536 2821 4587 Colhert.
2856 4557 2882 4584 «
2925 4539 2995 4590 M.
3034 4540 3156 4589 Rol-

906 4614 1028 4665 laud
1060 4616 1148 4681 qui
1196 4615 1293 4665 sait
1315 4629 1425 4664 mes
1472 4614 1747 4663 necessitas
1782 4621 1860 4664 est
1892 4630 1959 4663 un
1990 4621 2137 4664 autre
2165 4616 2468 4677 moy-meme
2506 4616 2593 4680 qui
2621 4616 2764 4666 viens
2788 4616 3058 4669 d’achever
3088 4636 3156 4670 uu

906 4710 1131 4760 ouvrage
1154 4695 1280 4745 dont
1300 4694 1334 4744 il
1354 4709 1468 4744 sera
1497 4693 1638 4760 parte
1665 4695 1732 4743 in
1759 4696 2136 4756 qeneracione
2171 4697 2379 4750 altera.
2412 4715 2438 4742 »
