3507 5683
1188 625 1383 675 VITA
1416 626 1511 674 ΕΤ
1543 623 1918 674 SCRIPTIS
2612 622 2674 671 23

442 788 561 837 sur
625 764 786 860 quoi
839 787 930 834 on
987 764 1218 859 puisse
1264 787 1576 859 appuyer
1630 787 1724 834 un
1774 761 2176 836 fondement
2231 763 2494 834 certain
2541 785 2671 856 que

432 871 564 960 ’sur
620 887 928 960 l’interet
990 911 1124 983 que
1175 887 1438 959 chacun
1501 896 1743 959 trouve
1793 887 1971 958 dans
2033 911 2170 959 une
2227 886 2491 959 affaire.
2562 887 2670 958 On

441 1038 743 1109 mauque
779 1021 1076 1085 souvent
1121 1016 1166 1082 ἐι
1212 1013 1279 1083 la
1315 1012 1433 1101 foi,
1479 1012 1655 1083 mais
1704 1013 1829 1083 nul
1876 1036 1963 1084 ne
2010 1035 2312 1108 manque
2348 1011 2605 1107 jamais
2634 1012 2674 1082 a

440 1164 564 1212 son
629 1140 908 1231 interet,
963 1138 1034 1209 ni
1089 1138 1194 1210 les
1233 1139 1392 1232 plus
1429 1136 1742 1224 fourbes,
1793 1139 1866 1208 ni
1896 1139 1998 1209 les
2037 1136 2196 1232 plus
2234 1137 2593 1232 simples¹.
2634 1164 2669 1209 ))

438 1267 762 1338 Ceterum
818 1287 958 1335 non
1015 1264 1235 1335 solum
1285 1259 1679 1336 ‘eruditione
1729 1263 2030 1359 quadam
2059 1267 2498 1359 conspicuuS‚
2553 1264 2674 1335 sed

440 1392 652 1464 etiam
689 1390 762 1461 in
802 1391 1012 1463 rebus
1050 1389 1346 1484 politicis
1394 1399 1514 1462 aut
1554 1389 1981 1462 militaribus
2024 1413 2190 1463 vere
2233 1399 2558 1463 strenuus
2605 1399 2685 1462 et·

437 1517 671 1591 alacer
748 1517 1143 1590 videbatur.
1209 1517 1451 1612 Itaque
1506 1541 1548 1590 a
1610 1517 1786 1588 duce
1846 1517 2086 1610 magni
2161 1517 2664 1590 aestimabatur.

438 1644 761 1716 Omnium
812 1664 1258 1726 arcanorum,
1316 1650 1391 1713 ut
1465 1640 1604 1712 fert
1656 1641 2042 1730 Rhodius2,
2107 1651 2256 1713 erat
2323 1642 2673 1736 particeps

437 1792 566 1841 nec
603 1768 819 1840 semel
847 1742 937 1840 ad
977 1790 1244 1861 regem,
1290 1778 1360 1838 ut
1392 1767 1718 1838 mandata
1747 1764 1967 1838 ferret
1996 1765 2459 1862 referretque,
2497 1767 2673 1837 mis-

437 1919 554 1967 sus
584 1893 757 1966 fuit:
803 1894 987 1988 quod
1016 1915 1102 1964 ex
1141 1891 1658 1962 commentariis
1681 1900 1750 1963 et
1779 1891 2092 1985 epistolis
2130 1893 2353 1986 ipsius
2385 1893 2676 1964 Rohan-

438 2021 537 2091 nii
570 2020 762 2091 ducis
802 2028 1048 2112 aperte
1086 2015 1499 2088 audivimus.
1528 2015 1807 2110 Adjecit
1838 2018 2044 2089 etiam
2093 2016 2413 2088 Rhodius
2452 2041 2467 2086 :
2526 2042 2562 2087 ((
2597 2018 2676 2088 In

436 2145 720 2217 Rhaetia
790 2151 857 2214 et
912 2142 1188 2214 Tellina
1245 2141 1427 2213 valle
1480 2165 1634 2213 cum
1704 2140 2001 2213 Gallicis
2066 2141 2281 2213 armis
2342 2153 2679 2236 praeesset

436 2268 882 2357 Rohannius,
908 2258 1183 2339 Priqus
1205 2266 1437 2337 omnia
1460 2290 1585 2362 pro
1608 2278 1781 2337 nutu
1806 2268 2143 2356 versavit,
2175 2266 2444 2361 praeliis
2463 2265 2680 2339 variis

437 2395 578 2465 illic
607 2418 762 2465 cum
804 2392 1183 2466 Germanis
1226 2401 1293 2464 et
1323 2392 1550 2463 Iberis
1590 2401 1980 2464 certatum:
2025 2391 2279 2487 ubique
2313 2389 2672 2464 interfuit:

438 2519 781 2615 pugnavit
803 2542 1011 2613 eques
1032 2527 1098 2589 et
1118 2517 1394 2613 pedes3.
1410 2542 1446 2587 ›>
1463 2517 1769 2589 Dubium
1790 2517 2094 2612 quidem,
2117 2540 2510 2613 quanquam
2526 2518 2680 2589 fieri

436 2647 697 2742 potuit:
726 2670 865 2717 non
885 2646 997 2716 hae
1031 2646 1217 2718 enim
1241 2656 1444 2719 erant
1486 2645 1703 2716 Prioli
1727 2656 1993 2739 partes.
2016 2644 2513 2739 Quoquomodo
2553 2667 2680 2714 ac*

439 2784 581 2847 tum
622 2771 865 2864 fuerit,
912 2771 1329 2844 Rohannius
1362 2771 1437 2843 in
1468 2770 1985 2843 commentariis
2027 2769 2113 2840 de
2151 2771 2406 2841 virtute
2449 2768 2676 2840 Prioli

341 2978 346 2982 ,
437 2900 615 2989 silet,
633 2898 1107 2970 tantummodo
1132 2898 1494 2969 scientiam
1514 2898 1835 2968 laudasse
1857 2903 2257 2984 contentus,
2280 2895 2443 2991 quia
2464 2895 2680 2967 Rhae-

439 3026 607 3096 tiam
633 3025 1181 3119 Rhaetorumque
1220 3046 1451 3095 mores
1495 3022 1962 3116 singulariter
2019 3030 2336 3093 noverat.
2383 3022 2680 3115 Insuper

434 3145 587 3219 haec
628 3147 819 3218 addit
849 3147 1143 3220 Rhaetos
1183 3146 1290 3217 illi
1321 3147 1689 3219 admodum
1717 3145 2014 3217 confisos
2033 3144 2252 3217 esse‘·.
2294 3146 2442 3217 Nec
2471 3143 2677 3216 valde

438 3272 835 3344 mirandum
887 3296 902 3340 z
957 3296 1167 3367 quum
1220 3272 1406 3343 enim
1460 3274 1709 3344 natura
1769 3271 2004 3343 multis
2060 3295 2229 3344 sane
2296 3269 2674 3341 virtutibus

433 3398 728 3471 donatus
743 3407 928 3470 esset
943 3399 1384 3482 RohanniUS‚
1406 3422 1545 3469 nou
1568 3407 1717 3470 erat
1729 3409 1964 3471 tamen
1980 3398 2084 3491 cuj
2098 3422 2180 3468 us
2198 3395 2427 3469 aditus
2450 3394 2676 3467 facilis

433 3524 788 3596 videretur
823 3549 839 3594 z
880 3523 1194 3618 plerique
1244 3523 1582 3613 Priolum‚
1618 3522 1811 3595 ducis
1862 3523 2195 3611 scribam,
2233 3521 2670 3612 mellifluum,

432 3650 1037 3745 dulciloquentem‚
1064 3671 1274 3743 supra
1321 3648 1598 3719 modum
1635 3648 2159 3721 benevolentem
2187 3670 2394 3742 quam
2428 3647 2671 3719 ducem

499 3968 518 4004 ¹
546 3965 690 4018 Lett.
718 3964 957 4018 ine'dites
983 3969 1048 4015 de
1071 3968 1139 4015 Β.
1175 3965 1364 4016 Priolo
1397 3964 1491 4022 111,
1523 3977 1574 4026 p.
1606 3962 1657 4013 5.
1812 4025 1819 4036 .

494 4046 518 4084 ²
547 4047 798 4109 Rhodium
833 4063 880 4111 p.
918 4046 965 4097 2.
1017 4046 1092 4097 Cf.
1127 4044 1519 4101 sainte-Reum,
1560 4041 1844 4092 Causeries
1877 4044 1957 4091 du
1984 4040 2200 4096 Laudi,
2230 4040 2283 4088 3*Ξ
2305 4038 2448 4102 edit„
2480 4043 2515 4087 t.
2548 4037 2667 4095 XII,

434 4148 483 4195 p.
519 4129 631 4181 342.
661 4146 686 4176 ι(
708 4128 748 4177 11
773 4124 842 4190 (16
871 4123 968 4176 duc
997 4123 1060 4174 de
1090 4126 1293 4184 Rohan)
1324 4123 1459 4172 avait
1488 4124 1670 4187 aupres
1704 4121 1768 4170 de
1810 4119 1882 4169 lui
1932 4135 1997 4170 un
2041 4120 2316 4169 secretaire
2354 4125 2405 4168 et
2427 4119 2668 4168 factotum

434 4210 525 4260 des
550 4210 666 4275 plus
703 4206 987 4271 distingues
1014 4220 1108 4269 par
1160 4204 1353 4267 l’esprit
1384 4208 1434 4252 et
1466 4202 1541 4251 les
1589 4202 2000 4261 connaissanceS‚
2041 4199 2237 4250 Priolo.
2295 4200 2471 4249 Priolo
2524 4198 2667 4258 emit,

434 4304 630 4340 comme
662 4304 727 4337 on
756 4281 910 4335 disait
934 4284 1088 4340 alors}
1113 4283 1159 4332 16
1191 4289 1299 4333 tout
1331 4284 1393 4333 de
1424 4284 1495 4332 M.
1539 4283 1601 4331 de
1637 4283 1840 4331 Rohan.
1878 4300 1904 4327 »

495 4371 520 4406 3
553 4368 807 4426 Rhodius,
831 4383 878 4430 p.
907 4367 954 4415 4.

494 4450 519 4485 ⁴
549 4450 724 4499 Me'm.
747 4450 827 4496 du
858 4448 911 4496 d.
943 4448 1008 4495 de
1041 4447 1260 4504 Rohan.,
1294 4445 1411 4494 coll.
1448 4446 1659 4504 Petitot,
1695 4450 1732 4493 t.
1753 4444 1894 4503 xlx,
1917 4459 1968 4507 p.
1994 4441 2100 4491 182.
2125 4461 2151 4487 «
2171 4443 2235 4491 Et
2262 4441 2362 4489 afin
2382 4455 2480 4504 que
2501 4443 2666 4488 tontes

432 4532 618 4583 choses
637 4528 831 4577 fussent
863 4527 1213 4591 representees
1238 4542 1435 4575 comme
1456 4524 1583 4573 elles
1612 4526 1820 4583 etaient,
1843 4540 1905 4572 en
1935 4523 2073 4581 effet,
2105 4523 2140 4572 il
2173 4520 2403 4584 depecha
2424 4519 2469 4567 le
2505 4518 2669 4567 secre-

432 4614 561 4663 taire
579 4609 820 4660 Prioleau
849 4625 912 4658 en
943 4610 1027 4671 qui
1064 4625 1131 4657 on
1157 4609 1294 4657 avait
1323 4608 1536 4655 creance
1555 4607 1587 4654 a
1608 4605 1656 4653 la
1676 4620 1802 4653 cour
1830 4609 1882 4652 et
1901 4605 1987 4668 qui
2015 4601 2153 4651 avait
2175 4600 2536 4649 connaissance
2557 4613 2668 4662 par-

438 4692 671 4743 ticuliere
701 4690 765 4740 de
790 4705 847 4740 ce
865 4689 1061 4754 pays-la
1084 4695 1137 4738 et
1155 4704 1219 4738 en
1238 4689 1326 4752 qui
1342 4688 1509 4736 meme
1526 4685 1600 4736 les
1611 4686 1826 4735 Grisons
1853 4701 1906 4733 se
1923 4685 2096 4733 fiaient
2111 4697 2239 4747 pour
2252 4680 2388 4730 leurs
2399 4680 2669 4758 imm-ets.»
