3507 5683
1238 676 1430 728 VITA
1465 678 1563 729 ET
1598 678 1976 730 SCRIPTIS
2629 670 2725 733 115

482 810 717 883 Priolo
762 810 1103 905 scriptum
1140 833 1296 883 esse
1349 812 1436 883 de
1496 812 1729 907 puella
1778 836 1988 908 quam
2042 835 2277 884 secum
2314 816 2727 888 marescalla

477 934 877 1023 Brisacum,
915 944 991 1006 ut
1031 934 1530 1007 Charlovoium
1581 936 1920 1027 alliceret,
1957 936 2364 1010 adduxerat.
2403 963 2440 1009 c<
2476 940 2726 1014 Puella

481 1071 711 1133 amata
743 1062 1034 1132 illicium
1067 1059 1198 1134 fuit
1233 1064 1343 1134 cui
1392 1062 1783 1132 invisendae
1820 1063 2034 1133 miser
2072 1086 2234 1135 arce
2256 1064 2421 1136 exit.
2457 1089 2495 1134 »
2529 1065 2727 1149 Quod

480 1193 709 1257 autem
747 1187 835 1257 ad
875 1196 1167 1259 mortem
1220 1188 1698 1261 Guebriantiae
1744 1187 2020 1276 attinet,
2065 1211 2406 1283 nusquam
2444 1190 2725 1262 Priolus

478 1333 631 1380 eam
659 1319 817 1383 ante
845 1311 1190 1384 bellorum
1222 1313 1534 1384 civilium
1556 1312 1768 1386 finem
1798 1312 2081 1402 obiisse,
2102 1312 2289 1409 quod
2307 1314 2372 1386 ei
2398 1336 2439 1385 a
2469 1315 2721 1411 Baylio

478 1434 832 1529 objicitur,
901 1435 1331 1510 affirmavit:
1399 1438 1574 1510 dixit
1623 1439 1923 1510 obscure
1969 1461 2192 1533 neque
2229 1461 2415 1511 anno
2476 1442 2723 1513 mortis

479 1561 663 1633 clare
701 1548 1162 1635 determinato
1198 1588 1214 1633 ε
1271 1587 1308 1634 «
1352 1564 1811 1637 Guebriantia
1869 1564 2199 1659 utrinque
2226 1587 2468 1656 exosa,
2518 1566 2723 1639 taedio

479 1698 548 1760 et
586 1710 880 1759 maerore
917 1688 1130 1761 vitam
1157 1689 1541 1785 inquietam
1567 1688 1817 1761 finivit.
1866 1715 1903 1761 ))

575 1814 774 1899 Quod
810 1815 870 1886 si
899 1839 1059 1911 quae
1086 1838 1297 1911 supra
1327 1815 1631 1887 diximus
1651 1816 2214 1911 complectamur,
2240 1816 2461 1888 Prioli
2479 1816 2716 1907 fidem,

476 1947 716 2034 utpote
761 1940 878 2035 qui
929 1964 1051 2012 suo
1083 1950 1397 2035 tempore
1427 1948 1580 2012 acta
1631 1941 2062 2031 narraverit,
2096 1964 2237 2013 non
2274 1939 2464 2012 infra
2496 1941 2724 2033 justas

475 2064 669 2157 leges
728 2064 1003 2136 stetisse
1058 2065 1416 2137 fatendum
1480 2066 1638 2138 erit.
1717 2064 2085 2154 Quaedam,
2150 2087 2441 2159 quorum
2495 2064 2724 2137 fuerat

474 2190 846 2285 particepS,
893 2191 1169 2262 sincere
1190 2199 1255 2262 et
1285 2189 1435 2262 fere
1462 2214 1739 2286 semper
1777 2191 2050 2283 integre
2092 2190 2355 2283 relata3
2389 2190 2526 2261 alia
2564 2191 2719 2262 sive

475 2311 657 2404 ficta,
714 2315 866 2386 sive
896 2315 1077 2387 male
1112 2316 1390 2409 cognita
1416 2325 1537 2387 aut
1573 2316 1841 2406 audita,
1879 2323 1947 2387 et
1965 2315 2130 2386 inde
2158 2314 2563 2409 legentibus
2593 2318 2713 2387 in-

474 2440 668 2512 curia
705 2441 933 2534 potius
961 2451 1029 2513 et
1067 2440 1409 2513 scribendi
1467 2440 1913 2513 festinatione
1952 2463 2162 2535 quam
2186 2442 2531 2513 mendacii
2585 2466 2720 2513 vo—

472 2564 777 2638 luntaria
821 2565 1263 2637 affectatione
1315 2565 1572 2638 tradita
1605 2591 1624 2657 3
1668 2564 2030 2660 complura
2066 2574 2326 2654 autem,
2387 2567 2724 2638 memoria

472 2682 860 2781 deficiente,
899 2690 1381 2785 praetermissa
1419 2714 1629 2786 quum
1669 2690 1822 2784 ipse
1872 2688 2199 2761 dictatam
2260 2686 2476 2761 fuisse
2537 2691 2723 2762 inter

473 2814 969 2888 ambulandum
1024 2813 1432 2904 Historiam,
1498 2838 1585 2887 ne
1635 2814 1852 2888 litura
1904 2814 2183 2909 quidem
2210 2815 2580 2910 imperata,
2635 2814 2723 2887 sit

471 2938 828 3013 confessus
850 2938 900 3011 ¹.
958 2940 1333 3012 Erraveris
1394 2963 1684 3034 prorsus
1747 2941 1833 3029 si,
1865 2939 2090 3011 Prioli
2152 2940 2466 3011 historiae
2525 2941 2722 3013 titulo

470 3067 764 3138 nimium
802 3067 1132 3158 confisus,
1177 3075 1588 3160 perpetuam
1656 3088 1897 3136 rerum
1945 3071 2307 3157 gestarum
2372 3064 2446 3135 in
2497 3064 2723 3137 Gallia

468 3195 948 3266 narrationem
981 3192 1067 3263 ab
1123 3213 1410 3263 excessu
1447 3189 1785 3261 Ludovici
1850 3188 2016 3261 XIII
2081 3211 2302 3284 usque
2338 3189 2425 3261 ad
2458 3211 2720 3260 annum

475 3319 663 3392 1664
690 3320 775 3392 ab
803 3343 884 3391 eo
923 3317 1326 3414 quaesieris:
1356 3316 1538 3413 quod
1569 3316 1629 3387 si
1661 3313 2000 3386 nonnulla
2036 3322 2304 3385 tantum
2323 3315 2409 3385 de
2444 3313 2720 3385 Fundae

467 3444 867 3517 discrimine
889 3451 955 3514 et
980 3444 1054 3514 in
1078 3442 1322 3537 primis
1363 3442 1449 3513 de
1477 3439 1753 3513 arcanis
1800 3438 2148 3511 Mazarini
2177 3461 2333 3509 cum
2374 3438 2720 3534 principi-

465 3570 595 3642 bus
632 3567 1110 3659 tractionibus,
1143 3566 1530 3661 repetieriS,
1556 3573 1915 3658 argutum,
1954 3587 2195 3637 rerum
2219 3564 2516 3636 maxime
2538 3587 2700 3635 con·-

467 3698 683 3770 scium
709 3705 775 3768 et
807 3696 1015 3767 etiam
1042 3693 1322 3765 fidelem
1358 3700 1713 3764 auctorem
1751 3691 2096 3763 invenies,

568 3822 728 3894 Alia
757 3843 1026 3917 quoque
1052 3820 1124 3889 in
1174 3818 1412 3890 Priolo
1450 3817 1746 3888 maxime
1802 3817 2177 3889 laudanda.
2221 3815 2450 3899 Quum
2496 3809 2710 3887 fuerit

464 3950 930 4045 perspicacior
965 3970 1172 4043 quam
1232 3943 1523 4033 doctior,
1589 3941 1793 4037 plura
1841 3941 2117 4036 quidem
2154 3949 2275 4012 aut
2315 3940 2540 4012 nescit
2588 3950 2710 4013 aut

464 4074 842 4147 omittendo
883 4072 1157 4144 nescire
1190 4068 1500 4153 videtur,
1569 4077 1646 4139 ut
1690 4089 1904 4161 quum
1946 4065 2030 4138 de
2068 4063 2501 4137 Parlamenti
2538 4087 2709 4158 par-

465 4200 643 4271 tibus
672 4222 876 4294 paene
903 4221 1028 4293 per
1062 4206 1281 4268 totum
1318 4217 1492 4288 opus
1514 4192 1715 4264 sileat
1733 4217 1755 4284 3
1791 4213 1949 4287 quae
1986 4198 2217 4262 autem
2237 4188 2534 4284 profert,
2566 4211 2708 4260 non

463 4489 705 4538 commise
754 4501 848 4551 par
900 4490 1110 4549 rapport
1148 4486 1179 4535 a
1227 4489 1360 4535 cette
1395 4484 1564 4533 dame.
1624 4483 1666 4533 Il
1718 4489 1797 4533 est
1828 4483 1938 4532 vrai
1979 4495 2078 4546 que
2130 4495 2211 4530 ses
2253 4488 2557 4541 mensonges
2592 4482 2706 4527 sont

460 4569 695 4634 capables
754 4569 815 4617 de
860 4567 909 4616 la
957 4568 1223 4632 preserver
1272 4566 1336 4614 de
1396 4564 1642 4630 quelques
1692 4565 1925 4614 mauvais
1976 4576 2241 4627 soupconS.
2291 4578 2317 4607 »
2368 4559 2445 4611 Cf.
2475 4558 2702 4618 Priolus,

459 4650 602 4708 VIII,
631 4665 681 4714 p.
705 4648 813 4706 109,
838 4647 949 4697 110.

520 4731 539 4766 1
578 4729 779 4778 Priolus
803 4728 1023 4787 Lectori,
1055 4727 1264 4792 passim.
