<?xml version="1.0" encoding="UTF-8"?>
<!DOCTYPE html PUBLIC "-//W3C//DTD XHTML 1.0 Transitional//EN"
    "http://www.w3.org/TR/xhtml1/DTD/xhtml1-transitional.dtd">
<html xmlns="http://www.w3.org/1999/xhtml" xml:lang="en" lang="en">
 <head>
  <title>
</title>
<meta http-equiv="Content-Type" content="text/html;charset=utf-8" />
  <meta name='ocr-system' content='tesseract 3.04.00' />
  <meta name='ocr-capabilities' content='ocr_page ocr_carea ocr_par ocr_line ocrx_word'/>
</head>
<body>
  <div class='ocr_page' id='page_1' title='image "./debenjaminiprio00normgoog_0054.png"; bbox 0 0 3507 5683; ppageno 0'>
   <div class='ocr_carea' id='block_1_1' title="bbox 792 674 2353 728">
    <p class='ocr_par' dir='ltr' id='par_1_1' title="bbox 792 674 2353 728">
     <span class='ocr_line' id='line_1_1' title="bbox 792 674 2353 728; baseline 0.001 -2"><span class='ocrx_word' id='word_1_1' title='bbox 792 678 855 728; x_wconf 70' lang='lat'>⁴8</span> <span class='ocrx_word' id='word_1_2' title='bbox 1466 676 1562 726; x_wconf 78' lang='lat' dir='ltr'>DE:</span> <span class='ocrx_word' id='word_1_3' title='bbox 1600 674 2046 725; x_wconf 61' lang='lat' dir='ltr'><strong>BENJARINI</strong></span> <span class='ocrx_word' id='word_1_4' title='bbox 2080 674 2353 728; x_wconf 74' lang='lat' dir='ltr'>Pnlom</span> 
     </span>
    </p>
   </div>
   <div class='ocr_carea' id='block_1_2' title="bbox 732 784 3104 4041">
    <p class='ocr_par' dir='ltr' id='par_1_2' title="bbox 732 784 3104 4041">
     <span class='ocr_line' id='line_1_2' title="bbox 794 784 3023 909; baseline 0.001 -23"><span class='ocrx_word' id='word_1_5' title='bbox 794 815 926 887; x_wconf 88' lang='lat' dir='ltr'>Re.</span> <span class='ocrx_word' id='word_1_6' title='bbox 945 817 1086 887; x_wconf 84' lang='lat' dir='ltr'>Per</span> <span class='ocrx_word' id='word_1_7' title='bbox 1121 814 1174 885; x_wconf 94' lang='grc'>11</span> <span class='ocrx_word' id='word_1_8' title='bbox 1194 813 1356 909; x_wconf 91' lang='lat' dir='ltr'>qual</span> <span class='ocrx_word' id='word_1_9' title='bbox 1375 814 1617 905; x_wconf 79' lang='lat' dir='ltr'>affare,</span> <span class='ocrx_word' id='word_1_10' title='bbox 1639 784 1942 885; x_wconf 88' lang='lat' dir='ltr'>l&#39;abbate</span> <span class='ocrx_word' id='word_1_11' title='bbox 1964 812 2279 886; x_wconf 89' lang='lat' dir='ltr'>Ondedei</span> <span class='ocrx_word' id='word_1_12' title='bbox 2306 811 2329 854; x_wconf 88' lang='lat'>¹</span> <span class='ocrx_word' id='word_1_13' title='bbox 2353 815 2603 888; x_wconf 90' lang='lat' dir='ltr'>mando</span> <span class='ocrx_word' id='word_1_14' title='bbox 2632 800 3023 888; x_wconf 75' lang='lat' dir='ltr'>Francesco</span> 
     </span>
     <span class='ocr_line' id='line_1_3' title="bbox 795 937 3028 1035; baseline 0 -25"><span class='ocrx_word' id='word_1_15' title='bbox 795 938 1042 1034; x_wconf 85' lang='lat' dir='ltr'>Scappi</span> <span class='ocrx_word' id='word_1_16' title='bbox 1128 962 1253 1010; x_wconf 93' lang='lat' dir='ltr'>suo</span> <span class='ocrx_word' id='word_1_17' title='bbox 1313 938 1383 1009; x_wconf 85' lang='lat' dir='ltr'>di</span> <span class='ocrx_word' id='word_1_18' title='bbox 1441 937 1617 1011; x_wconf 87' lang='lat' dir='ltr'>Casa</span> <span class='ocrx_word' id='word_1_19' title='bbox 1677 947 1856 1011; x_wconf 81' lang='lat' dir='ltr'>sotto</span> <span class='ocrx_word' id='word_1_20' title='bbox 1950 945 2260 1032; x_wconf 87' lang='lat' dir='ltr'>pretesto</span> <span class='ocrx_word' id='word_1_21' title='bbox 2316 940 2385 1011; x_wconf 91' lang='lat' dir='ltr'>di</span> <span class='ocrx_word' id='word_1_22' title='bbox 2439 950 2675 1035; x_wconf 91' lang='lat' dir='ltr'>portar</span> <span class='ocrx_word' id='word_1_23' title='bbox 2730 962 3028 1035; x_wconf 82' lang='lat' dir='ltr'>procura</span> 
     </span>
     <span class='ocr_line' id='line_1_4' title="bbox 794 1063 3024 1163; baseline 0.001 -27"><span class='ocrx_word' id='word_1_24' title='bbox 794 1065 862 1137; x_wconf 91' lang='lat' dir='ltr'>al</span> <span class='ocrx_word' id='word_1_25' title='bbox 947 1065 1195 1159; x_wconf 85' lang='lat' dir='ltr'>signor</span> <span class='ocrx_word' id='word_1_26' title='bbox 1239 1063 1308 1135; x_wconf 87' lang='lat' dir='ltr'>di</span> <span class='ocrx_word' id='word_1_27' title='bbox 1379 1063 1612 1154; x_wconf 89' lang='lat' dir='ltr'>Bluet,</span> <span class='ocrx_word' id='word_1_28' title='bbox 1713 1071 1998 1135; x_wconf 88' lang='lat' dir='ltr'>avocato</span> <span class='ocrx_word' id='word_1_29' title='bbox 2084 1063 2152 1134; x_wconf 92' lang='lat' dir='ltr'>al</span> <span class='ocrx_word' id='word_1_30' title='bbox 2222 1063 2687 1159; x_wconf 81' lang='lat' dir='ltr'>parlamento,</span> <span class='ocrx_word' id='word_1_31' title='bbox 2768 1066 3024 1163; x_wconf 85' lang='lat' dir='ltr'>perche</span> 
     </span>
     <span class='ocr_line' id='line_1_5' title="bbox 794 1165 3028 1282; baseline -0 -19"><span class='ocrx_word' id='word_1_32' title='bbox 794 1214 997 1263; x_wconf 85' lang='lat' dir='ltr'>senza</span> <span class='ocrx_word' id='word_1_33' title='bbox 1053 1189 1562 1262; x_wconf 83' lang='lat' dir='ltr'>intermizzione</span> <span class='ocrx_word' id='word_1_34' title='bbox 1614 1187 1683 1258; x_wconf 89' lang='lat' dir='ltr'>di</span> <span class='ocrx_word' id='word_1_35' title='bbox 1742 1197 1973 1282; x_wconf 82' lang='lat' dir='ltr'>tempo</span> <span class='ocrx_word' id='word_1_36' title='bbox 2007 1165 2324 1261; x_wconf 89' lang='lat' dir='ltr'>cercasse</span> <span class='ocrx_word' id='word_1_37' title='bbox 2376 1189 2448 1261; x_wconf 90' lang='lat' dir='ltr'>di</span> <span class='ocrx_word' id='word_1_38' title='bbox 2487 1191 2760 1264; x_wconf 84' lang='lat' dir='ltr'>salvare</span> <span class='ocrx_word' id='word_1_39' title='bbox 2790 1191 3028 1274; x_wconf 82' lang='lat' dir='ltr'>mobili</span> 
     </span>
     <span class='ocr_line' id='line_1_6' title="bbox 796 1304 3104 1410; baseline 0.001 -25"><span class='ocrx_word' id='word_1_40' title='bbox 796 1315 1036 1387; x_wconf 87' lang='lat' dir='ltr'>restati</span> <span class='ocrx_word' id='word_1_41' title='bbox 1112 1314 1298 1386; x_wconf 91' lang='lat' dir='ltr'>nella</span> <span class='ocrx_word' id='word_1_42' title='bbox 1382 1337 1507 1386; x_wconf 90' lang='lat' dir='ltr'>sua</span> <span class='ocrx_word' id='word_1_43' title='bbox 1579 1335 1858 1387; x_wconf 88' lang='lat' dir='ltr'>camera</span> <span class='ocrx_word' id='word_1_44' title='bbox 1917 1313 2167 1386; x_wconf 86' lang='lat' dir='ltr'>dentro</span> <span class='ocrx_word' id='word_1_45' title='bbox 2213 1314 2283 1386; x_wconf 88' lang='grc'>31</span> <span class='ocrx_word' id='word_1_46' title='bbox 2357 1315 2631 1410; x_wconf 81' lang='lat' dir='ltr'>palazzo</span> <span class='ocrx_word' id='word_1_47' title='bbox 2684 1316 2799 1388; x_wconf 86' lang='lat' dir='ltr'>del</span> <span class='ocrx_word' id='word_1_48' title='bbox 2866 1339 3030 1389; x_wconf 88' lang='lat' dir='ltr'>car-</span> <span class='ocrx_word' id='word_1_49' title='bbox 3097 1304 3104 1311; x_wconf 50' lang='lat'><em>⁰</em></span> 
     </span>
     <span class='ocr_line' id='line_1_7' title="bbox 794 1438 3029 1536; baseline 0.001 -25"><span class='ocrx_word' id='word_1_50' title='bbox 794 1440 1055 1515; x_wconf 87' lang='lat' dir='ltr'>dinale.</span> <span class='ocrx_word' id='word_1_51' title='bbox 1082 1442 1343 1527; x_wconf 86' lang='lat' dir='ltr'>Questo</span> <span class='ocrx_word' id='word_1_52' title='bbox 1381 1439 1855 1536; x_wconf 87' lang='lat' dir='ltr'>Scappipreso</span> <span class='ocrx_word' id='word_1_53' title='bbox 1890 1463 2016 1535; x_wconf 92' lang='lat' dir='ltr'>per</span> <span class='ocrx_word' id='word_1_54' title='bbox 2045 1462 2184 1511; x_wconf 90' lang='lat' dir='ltr'>una</span> <span class='ocrx_word' id='word_1_55' title='bbox 2231 1441 2382 1535; x_wconf 89' lang='lat' dir='ltr'>spia</span> <span class='ocrx_word' id='word_1_56' title='bbox 2413 1438 2485 1512; x_wconf 84' lang='lat' dir='ltr'>fu</span> <span class='ocrx_word' id='word_1_57' title='bbox 2523 1451 2865 1514; x_wconf 89' lang='lat' dir='ltr'>arrestato</span> <span class='ocrx_word' id='word_1_58' title='bbox 2894 1442 3029 1514; x_wconf 91' lang='grc'><strong>3113</strong></span> 
     </span>
     <span class='ocr_line' id='line_1_8' title="bbox 794 1563 3033 1660; baseline 0.002 -24"><span class='ocrx_word' id='word_1_59' title='bbox 794 1575 992 1660; x_wconf 85' lang='lat' dir='ltr'>porta</span> <span class='ocrx_word' id='word_1_60' title='bbox 1032 1566 1408 1638; x_wconf 89' lang='lat' dir='ltr'>econdotto</span> <span class='ocrx_word' id='word_1_61' title='bbox 1459 1565 1783 1660; x_wconf 85' lang='lat' dir='ltr'>prigione</span> <span class='ocrx_word' id='word_1_62' title='bbox 1811 1563 1998 1637; x_wconf 91' lang='lat' dir='ltr'>nella</span> <span class='ocrx_word' id='word_1_63' title='bbox 2029 1587 2188 1638; x_wconf 87' lang='lat' dir='ltr'>casa</span> <span class='ocrx_word' id='word_1_64' title='bbox 2238 1564 2424 1638; x_wconf 89' lang='lat' dir='ltr'>della</span> <span class='ocrx_word' id='word_1_65' title='bbox 2474 1568 2897 1640; x_wconf 92' lang='lat' dir='ltr'>communita</span> <span class='ocrx_word' id='word_1_66' title='bbox 2945 1567 3033 1641; x_wconf 89' lang='lat' dir='ltr'>da</span> 
     </span>
     <span class='ocr_line' id='line_1_9' title="bbox 732 1689 3030 1784; baseline 0.002 -24"><span class='ocrx_word' id='word_1_67' title='bbox 732 1707 740 1715; x_wconf 85' lang='lat'><strong>·</strong></span> <span class='ocrx_word' id='word_1_68' title='bbox 793 1689 973 1762; x_wconf 87' lang='lat' dir='ltr'>dove</span> <span class='ocrx_word' id='word_1_69' title='bbox 1008 1689 1082 1761; x_wconf 88' lang='lat' dir='ltr'>fu</span> <span class='ocrx_word' id='word_1_70' title='bbox 1112 1692 1344 1784; x_wconf 91' lang='lat' dir='ltr'>poscia</span> <span class='ocrx_word' id='word_1_71' title='bbox 1401 1690 1696 1762; x_wconf 88' lang='lat' dir='ltr'>liberato</span> <span class='ocrx_word' id='word_1_72' title='bbox 1744 1712 1870 1784; x_wconf 91' lang='lat' dir='ltr'>per</span> <span class='ocrx_word' id='word_1_73' title='bbox 1898 1711 2109 1784; x_wconf 91' lang='lat' dir='ltr'>opera</span> <span class='ocrx_word' id='word_1_74' title='bbox 2154 1689 2268 1762; x_wconf 90' lang='lat' dir='ltr'>del</span> <span class='ocrx_word' id='word_1_75' title='bbox 2298 1689 2573 1762; x_wconf 90' lang='lat' dir='ltr'>sudetto</span> <span class='ocrx_word' id='word_1_76' title='bbox 2603 1690 2837 1776; x_wconf 72' lang='lat' dir='ltr'>Blue*,</span> <span class='ocrx_word' id='word_1_77' title='bbox 2889 1715 3030 1765; x_wconf 91' lang='lat' dir='ltr'>non</span> 
     </span>
     <span class='ocr_line' id='line_1_10' title="bbox 794 1815 3027 1910; baseline 0.001 -22"><span class='ocrx_word' id='word_1_78' title='bbox 794 1815 1268 1909; x_wconf 83' lang='lat' dir='ltr'>essendosegli</span> <span class='ocrx_word' id='word_1_79' title='bbox 1289 1815 1621 1887; x_wconf 89' lang='lat' dir='ltr'>ritrovato</span> <span class='ocrx_word' id='word_1_80' title='bbox 1645 1824 1716 1886; x_wconf 93' lang='lat' dir='ltr'>et</span> <span class='ocrx_word' id='word_1_81' title='bbox 1744 1825 2254 1887; x_wconf 77' lang='lat' dir='ltr'>accortamente</span> <span class='ocrx_word' id='word_1_82' title='bbox 2288 1816 2720 1910; x_wconf 83' lang='lat' dir='ltr'>inghiottito.</span> <span class='ocrx_word' id='word_1_83' title='bbox 2763 1818 2837 1889; x_wconf 87' lang='lat' dir='ltr'>Si</span> <span class='ocrx_word' id='word_1_84' title='bbox 2866 1818 3027 1890; x_wconf 87' lang='lat' dir='ltr'>vide</span> 
     </span>
     <span class='ocr_line' id='line_1_11' title="bbox 793 1941 3016 2038; baseline 0 -25"><span class='ocrx_word' id='word_1_85' title='bbox 793 1964 963 2035; x_wconf 90' lang='lat' dir='ltr'>pero</span> <span class='ocrx_word' id='word_1_86' title='bbox 992 1965 1122 2013; x_wconf 92' lang='lat' dir='ltr'>con</span> <span class='ocrx_word' id='word_1_87' title='bbox 1159 1941 1423 2032; x_wconf 81' lang='lat' dir='ltr'>PriolO,</span> <span class='ocrx_word' id='word_1_88' title='bbox 1460 1963 1497 2012; x_wconf 95' lang='lat' dir='ltr'>e</span> <span class='ocrx_word' id='word_1_89' title='bbox 1534 1962 1691 2011; x_wconf 89' lang='lat' dir='ltr'>seco</span> <span class='ocrx_word' id='word_1_90' title='bbox 1729 1948 1945 2011; x_wconf 86' lang='lat' dir='ltr'>tratto</span> <span class='ocrx_word' id='word_1_91' title='bbox 1985 1950 2242 2035; x_wconf 89' lang='lat' dir='ltr'>quanto</span> <span class='ocrx_word' id='word_1_92' title='bbox 2281 1963 2686 2024; x_wconf 84' lang='lat' dir='ltr'>occorreva,</span> <span class='ocrx_word' id='word_1_93' title='bbox 2726 1966 2764 2014; x_wconf 93' lang='grc'><strong>3</strong></span> <span class='ocrx_word' id='word_1_94' title='bbox 2793 1943 3016 2038; x_wconf 82' lang='lat' dir='ltr'><strong>questi</strong></span> 
     </span>
     <span class='ocr_line' id='line_1_12' title="bbox 794 2036 3013 2164; baseline -0 -22"><span class='ocrx_word' id='word_1_95' title='bbox 794 2077 969 2143; x_wconf 88' lang='lat' dir='ltr'>sotto</span> <span class='ocrx_word' id='word_1_96' title='bbox 1016 2070 1246 2164; x_wconf 89' lang='lat' dir='ltr'>specie</span> <span class='ocrx_word' id='word_1_97' title='bbox 1293 2066 1630 2140; x_wconf 84' lang='lat' dir='ltr'>d’andare</span> <span class='ocrx_word' id='word_1_98' title='bbox 1660 2089 1701 2138; x_wconf 91' lang='lat' dir='ltr'>a</span> <span class='ocrx_word' id='word_1_99' title='bbox 1738 2036 1989 2138; x_wconf 73' lang='lat' dir='ltr'>trattar</span> <span class='ocrx_word' id='word_1_100' title='bbox 2043 2090 2173 2138; x_wconf 90' lang='lat' dir='ltr'>con</span> <span class='ocrx_word' id='word_1_101' title='bbox 2212 2066 2450 2138; x_wconf 89' lang='lat' dir='ltr'>alcuni</span> <span class='ocrx_word' id='word_1_102' title='bbox 2497 2068 2804 2161; x_wconf 86' lang='lat' dir='ltr'>capitani</span> <span class='ocrx_word' id='word_1_103' title='bbox 2833 2067 3013 2142; x_wconf 91' lang='lat' dir='ltr'>delle</span> 
     </span>
     <span class='ocr_line' id='line_1_13' title="bbox 793 2190 3029 2285; baseline 0 -21"><span class='ocrx_word' id='word_1_104' title='bbox 793 2192 1090 2285; x_wconf 83' lang='lat' dir='ltr'>guardie</span> <span class='ocrx_word' id='word_1_105' title='bbox 1137 2191 1467 2263; x_wconf 85' lang='lat' dir='ltr'>Suizzare</span> <span class='ocrx_word' id='word_1_106' title='bbox 1518 2191 1668 2263; x_wconf 90' lang='lat' dir='ltr'>suoi</span> <span class='ocrx_word' id='word_1_107' title='bbox 1729 2190 2129 2262; x_wconf 86' lang='lat' dir='ltr'>conoscenti</span> <span class='ocrx_word' id='word_1_108' title='bbox 2181 2213 2307 2284; x_wconf 93' lang='lat' dir='ltr'>per</span> <span class='ocrx_word' id='word_1_109' title='bbox 2355 2190 2585 2263; x_wconf 91' lang='lat' dir='ltr'>tirarli</span> <span class='ocrx_word' id='word_1_110' title='bbox 2630 2192 2698 2264; x_wconf 92' lang='grc'><strong>31</strong></span> <span class='ocrx_word' id='word_1_111' title='bbox 2745 2193 3029 2264; x_wconf 87' lang='lat' dir='ltr'>servitio</span> 
     </span>
     <span class='ocr_line' id='line_1_14' title="bbox 794 2314 3031 2412; baseline 0 -21"><span class='ocrx_word' id='word_1_112' title='bbox 794 2318 1258 2412; x_wconf 85' lang='lat' dir='ltr'>de’Parigini,</span> <span class='ocrx_word' id='word_1_113' title='bbox 1275 2326 1586 2389; x_wconf 88' lang='lat' dir='ltr'>ottenuto</span> <span class='ocrx_word' id='word_1_114' title='bbox 1607 2327 2008 2410; x_wconf 90' lang='lat' dir='ltr'>passaporto</span> <span class='ocrx_word' id='word_1_115' title='bbox 2029 2314 2143 2386; x_wconf 92' lang='lat' dir='ltr'>dal</span> <span class='ocrx_word' id='word_1_116' title='bbox 2163 2316 2602 2388; x_wconf 84' lang='lat' dir='ltr'>Parlamento</span> <span class='ocrx_word' id='word_1_117' title='bbox 2623 2318 2681 2389; x_wconf 87' lang='lat' dir='ltr'>si</span> <span class='ocrx_word' id='word_1_118' title='bbox 2693 2319 3031 2391; x_wconf 89' lang='lat' dir='ltr'>condusse</span> 
     </span>
     <span class='ocr_line' id='line_1_15' title="bbox 793 2416 3033 2539; baseline 0 -22"><span class='ocrx_word' id='word_1_119' title='bbox 793 2468 834 2517; x_wconf 89' lang='grc'><strong>3</strong></span> <span class='ocrx_word' id='word_1_120' title='bbox 876 2444 1060 2537; x_wconf 77' lang='lat' dir='ltr'>Ruel</span> <span class='ocrx_word' id='word_1_121' title='bbox 1087 2465 1125 2514; x_wconf 88' lang='grc'><strong>3</strong></span> <span class='ocrx_word' id='word_1_122' title='bbox 1170 2442 1489 2515; x_wconf 88' lang='lat' dir='ltr'>s’abhoco</span> <span class='ocrx_word' id='word_1_123' title='bbox 1519 2416 1676 2515; x_wconf 84' lang='lat' dir='ltr'>coll’</span> <span class='ocrx_word' id='word_1_124' title='bbox 1718 2441 2059 2531; x_wconf 86' lang='lat' dir='ltr'>Ondedei,</span> <span class='ocrx_word' id='word_1_125' title='bbox 2097 2442 2150 2513; x_wconf 91' lang='grc'>11</span> <span class='ocrx_word' id='word_1_126' title='bbox 2188 2438 2393 2534; x_wconf 82' lang='lat' dir='ltr'>quale</span> <span class='ocrx_word' id='word_1_127' title='bbox 2432 2442 2613 2516; x_wconf 90' lang='lat' dir='ltr'>oltre</span> <span class='ocrx_word' id='word_1_128' title='bbox 2646 2445 2669 2514; x_wconf 90' lang='lat' dir='ltr'>i</span> <span class='ocrx_word' id='word_1_129' title='bbox 2697 2446 3033 2539; x_wconf 82' lang='lat' dir='ltr'>negotiati</span> 
     </span>
     <span class='ocr_line' id='line_1_16' title="bbox 794 2565 3030 2662; baseline 0 -23"><span class='ocrx_word' id='word_1_130' title='bbox 794 2568 906 2641; x_wconf 90' lang='lat' dir='ltr'>del</span> <span class='ocrx_word' id='word_1_131' title='bbox 947 2568 1122 2640; x_wconf 91' lang='lat' dir='ltr'>duca</span> <span class='ocrx_word' id='word_1_132' title='bbox 1167 2567 1235 2638; x_wconf 91' lang='lat' dir='ltr'>di</span> <span class='ocrx_word' id='word_1_133' title='bbox 1276 2565 1716 2662; x_wconf 84' lang='lat' dir='ltr'>Longavilla,</span> <span class='ocrx_word' id='word_1_134' title='bbox 1763 2565 1890 2637; x_wconf 92' lang='lat' dir='ltr'>che</span> <span class='ocrx_word' id='word_1_135' title='bbox 1932 2565 2184 2637; x_wconf 85' lang='lat' dir='ltr'>furono</span> <span class='ocrx_word' id='word_1_136' title='bbox 2231 2590 2403 2661; x_wconf 94' lang='lat' dir='ltr'>pero</span> <span class='ocrx_word' id='word_1_137' title='bbox 2442 2567 2692 2639; x_wconf 87' lang='lat' dir='ltr'>occulti</span> <span class='ocrx_word' id='word_1_138' title='bbox 2718 2591 2756 2639; x_wconf 93' lang='grc'>3</span> <span class='ocrx_word' id='word_1_139' title='bbox 2794 2569 2939 2640; x_wconf 87' lang='grc'><strong>3010</strong></span> <span class='ocrx_word' id='word_1_140' title='bbox 2960 2569 3030 2640; x_wconf 88' lang='grc'>(11</span> 
     </span>
     <span class='ocr_line' id='line_1_17' title="bbox 795 2692 3032 2788; baseline 0 -23"><span class='ocrx_word' id='word_1_141' title='bbox 795 2693 1068 2788; x_wconf 85' lang='lat' dir='ltr'>parole,</span> <span class='ocrx_word' id='word_1_142' title='bbox 1100 2717 1142 2765; x_wconf 92' lang='grc'>3</span> <span class='ocrx_word' id='word_1_143' title='bbox 1167 2693 1237 2764; x_wconf 86' lang='grc'>(11</span> <span class='ocrx_word' id='word_1_144' title='bbox 1265 2692 1492 2763; x_wconf 90' lang='lat' dir='ltr'>huone</span> <span class='ocrx_word' id='word_1_145' title='bbox 1531 2692 1965 2788; x_wconf 85' lang='lat' dir='ltr'>dispositioni</span> <span class='ocrx_word' id='word_1_146' title='bbox 1990 2692 2061 2762; x_wconf 91' lang='lat' dir='ltr'>in</span> <span class='ocrx_word' id='word_1_147' title='bbox 2099 2715 2296 2784; x_wconf 86' lang='lat' dir='ltr'>voce,</span> <span class='ocrx_word' id='word_1_148' title='bbox 2340 2693 2411 2764; x_wconf 90' lang='lat' dir='ltr'>vi</span> <span class='ocrx_word' id='word_1_149' title='bbox 2442 2716 2669 2766; x_wconf 87' lang='lat' dir='ltr'>venne</span> <span class='ocrx_word' id='word_1_150' title='bbox 2689 2717 2816 2787; x_wconf 91' lang='lat' dir='ltr'>per</span> <span class='ocrx_word' id='word_1_151' title='bbox 2842 2717 3032 2766; x_wconf 87' lang='lat' dir='ltr'>esco-</span> 
     </span>
     <span class='ocr_line' id='line_1_18' title="bbox 797 2816 3033 2915; baseline -0.001 -24"><span class='ocrx_word' id='word_1_152' title='bbox 797 2819 988 2915; x_wconf 91' lang='lat' dir='ltr'>prire</span> <span class='ocrx_word' id='word_1_153' title='bbox 1051 2817 1167 2891; x_wconf 88' lang='grc'><strong>(131</strong></span> <span class='ocrx_word' id='word_1_154' title='bbox 1216 2817 1590 2891; x_wconf 86' lang='lat' dir='ltr'>medesimo</span> <span class='ocrx_word' id='word_1_155' title='bbox 1639 2816 1875 2890; x_wconf 90' lang='lat' dir='ltr'>Priolo</span> <span class='ocrx_word' id='word_1_156' title='bbox 1925 2839 2002 2888; x_wconf 90' lang='lat' dir='ltr'>se</span> <span class='ocrx_word' id='word_1_157' title='bbox 2047 2827 2449 2891; x_wconf 86' lang='lat' dir='ltr'>veramente</span> <span class='ocrx_word' id='word_1_158' title='bbox 2496 2819 2548 2890; x_wconf 90' lang='grc'>11</span> <span class='ocrx_word' id='word_1_159' title='bbox 2599 2819 2916 2915; x_wconf 82' lang='lat' dir='ltr'>principe</span> <span class='ocrx_word' id='word_1_160' title='bbox 2962 2817 3033 2890; x_wconf 87' lang='grc'>(11</span> 
     </span>
     <span class='ocr_line' id='line_1_19' title="bbox 796 2940 3024 3037; baseline -0.001 -18"><span class='ocrx_word' id='word_1_161' title='bbox 796 2945 1031 3019; x_wconf 74' lang='lat' dir='ltr'>Coffde</span> <span class='ocrx_word' id='word_1_162' title='bbox 1059 2945 1330 3017; x_wconf 85' lang='lat' dir='ltr'>haveva</span> <span class='ocrx_word' id='word_1_163' title='bbox 1371 2944 1627 3016; x_wconf 90' lang='lat' dir='ltr'>alcuna</span> <span class='ocrx_word' id='word_1_164' title='bbox 1654 2942 2110 3037; x_wconf 82' lang='lat' dir='ltr'>iutelligenza</span> <span class='ocrx_word' id='word_1_165' title='bbox 2149 2943 2256 3013; x_wconf 90' lang='grc'>001</span> <span class='ocrx_word' id='word_1_166' title='bbox 2299 2940 2579 3016; x_wconf 84' lang='lat' dir='ltr'>fratello</span> <span class='ocrx_word' id='word_1_167' title='bbox 2596 2949 2649 3013; x_wconf 80' lang='lat'>2.</span> <span class='ocrx_word' id='word_1_168' title='bbox 2690 2969 2727 3014; x_wconf 91' lang='lat'>»</span> <span class='ocrx_word' id='word_1_169' title='bbox 2769 2946 2879 3016; x_wconf 83' lang='lat' dir='ltr'>Ex</span> <span class='ocrx_word' id='word_1_170' title='bbox 2911 2946 3024 3018; x_wconf 88' lang='lat' dir='ltr'>his</span> 
     </span>
     <span class='ocr_line' id='line_1_20' title="bbox 798 3067 3033 3172; baseline 0.001 -30"><span class='ocrx_word' id='word_1_171' title='bbox 798 3092 955 3164; x_wconf 67' lang='lat' dir='ltr'>quae</span> <span class='ocrx_word' id='word_1_172' title='bbox 984 3072 1202 3142; x_wconf 83' lang='lat' dir='ltr'>refert</span> <span class='ocrx_word' id='word_1_173' title='bbox 1228 3070 1619 3160; x_wconf 84' lang='lat' dir='ltr'>PrioratuS‚</span> <span class='ocrx_word' id='word_1_174' title='bbox 1652 3067 1951 3161; x_wconf 83' lang='lat' dir='ltr'>intelligi</span> <span class='ocrx_word' id='word_1_175' title='bbox 1974 3076 2199 3162; x_wconf 90' lang='lat' dir='ltr'>potest</span> <span class='ocrx_word' id='word_1_176' title='bbox 2233 3067 2571 3157; x_wconf 75' lang='lat' dir='ltr'>Prioluin,</span> <span class='ocrx_word' id='word_1_177' title='bbox 2597 3070 2783 3172; x_wconf 80' lang='lat' dir='ltr'>quocl</span> <span class='ocrx_word' id='word_1_178' title='bbox 2803 3067 3033 3144; x_wconf 87' lang='lat' dir='ltr'>hacte-</span> 
     </span>
     <span class='ocr_line' id='line_1_21' title="bbox 796 3191 3026 3291; baseline 0 -25"><span class='ocrx_word' id='word_1_179' title='bbox 796 3219 929 3267; x_wconf 89' lang='grc'>333</span> <span class='ocrx_word' id='word_1_180' title='bbox 963 3195 1331 3266; x_wconf 90' lang='lat' dir='ltr'>historicos</span> <span class='ocrx_word' id='word_1_181' title='bbox 1371 3194 1592 3282; x_wconf 84' lang='lat' dir='ltr'>latuit,</span> <span class='ocrx_word' id='word_1_182' title='bbox 1634 3216 1775 3264; x_wconf 91' lang='lat' dir='ltr'>non</span> <span class='ocrx_word' id='word_1_183' title='bbox 1840 3191 2064 3265; x_wconf 89' lang='lat' dir='ltr'>solum</span> <span class='ocrx_word' id='word_1_184' title='bbox 2104 3191 2614 3285; x_wconf 84' lang='lat' dir='ltr'>Longavillaeo,</span> <span class='ocrx_word' id='word_1_185' title='bbox 2674 3194 2795 3266; x_wconf 86' lang='lat' dir='ltr'>sed</span> <span class='ocrx_word' id='word_1_186' title='bbox 2842 3196 3026 3291; x_wconf 86' lang='lat' dir='ltr'>quod</span> 
     </span>
     <span class='ocr_line' id='line_1_22' title="bbox 797 3316 3028 3412; baseline -0 -20"><span class='ocrx_word' id='word_1_187' title='bbox 797 3319 1273 3412; x_wconf 84' lang='lat' dir='ltr'>cardinalimaj</span> <span class='ocrx_word' id='word_1_188' title='bbox 1283 3318 1423 3390; x_wconf 89' lang='lat' dir='ltr'>oris</span> <span class='ocrx_word' id='word_1_189' title='bbox 1441 3319 1796 3408; x_wconf 87' lang='lat' dir='ltr'>momenti,</span> <span class='ocrx_word' id='word_1_190' title='bbox 1823 3316 2247 3410; x_wconf 73' lang='lat' dir='ltr'>Longavillae</span> <span class='ocrx_word' id='word_1_191' title='bbox 2264 3339 2352 3407; x_wconf 81' lang='lat' dir='ltr'>ae,</span> <span class='ocrx_word' id='word_1_192' title='bbox 2381 3316 2686 3389; x_wconf 85' lang='lat' dir='ltr'>Condaeo</span> <span class='ocrx_word' id='word_1_193' title='bbox 2702 3328 2770 3390; x_wconf 95' lang='lat' dir='ltr'>et</span> <span class='ocrx_word' id='word_1_194' title='bbox 2789 3318 3028 3392; x_wconf 90' lang='lat' dir='ltr'>Contio</span> 
     </span>
     <span class='ocr_line' id='line_1_23' title="bbox 799 3442 3034 3538; baseline -0 -23"><span class='ocrx_word' id='word_1_195' title='bbox 799 3444 1179 3538; x_wconf 78' lang='lat' dir='ltr'>vigilanter</span> <span class='ocrx_word' id='word_1_196' title='bbox 1242 3442 1636 3514; x_wconf 86' lang='lat' dir='ltr'>insidiatum</span> <span class='ocrx_word' id='word_1_197' title='bbox 1667 3466 1847 3514; x_wconf 88' lang='lat' dir='ltr'>esse.</span> <span class='ocrx_word' id='word_1_198' title='bbox 1893 3443 2272 3536; x_wconf 89' lang='lat' dir='ltr'>Postquam</span> <span class='ocrx_word' id='word_1_199' title='bbox 2303 3452 2534 3514; x_wconf 89' lang='grc'><strong>331313</strong></span> <span class='ocrx_word' id='word_1_200' title='bbox 2565 3443 2842 3516; x_wconf 90' lang='lat' dir='ltr'>Priolus</span> <span class='ocrx_word' id='word_1_201' title='bbox 2880 3468 3034 3515; x_wconf 91' lang='lat' dir='ltr'>cum</span> 
     </span>
     <span class='ocr_line' id='line_1_24' title="bbox 798 3564 3028 3662; baseline -0.001 -19"><span class='ocrx_word' id='word_1_202' title='bbox 798 3569 1125 3643; x_wconf 89' lang='lat' dir='ltr'>Ondedeo</span> <span class='ocrx_word' id='word_1_203' title='bbox 1163 3567 1515 3657; x_wconf 80' lang='lat' dir='ltr'>convenit,</span> <span class='ocrx_word' id='word_1_204' title='bbox 1557 3567 2080 3662; x_wconf 80' lang='lat' dir='ltr'>Longavillaeus</span> <span class='ocrx_word' id='word_1_205' title='bbox 2134 3589 2173 3638; x_wconf 89' lang='lat' dir='ltr'>e</span> <span class='ocrx_word' id='word_1_206' title='bbox 2211 3564 2657 3660; x_wconf 80' lang='lat' dir='ltr'>Rothomago</span> <span class='ocrx_word' id='word_1_207' title='bbox 2729 3567 3028 3641; x_wconf 88' lang='lat' dir='ltr'>nobilem</span> 
     </span>
     <span class='ocr_line' id='line_1_25' title="bbox 799 3691 3035 3791; baseline 0 -24"><span class='ocrx_word' id='word_1_208' title='bbox 799 3695 1197 3791; x_wconf 81' lang='lat' dir='ltr'>quemdam,</span> <span class='ocrx_word' id='word_1_209' title='bbox 1243 3693 1518 3764; x_wconf 92' lang='lat' dir='ltr'>nomine</span> <span class='ocrx_word' id='word_1_210' title='bbox 1559 3691 2067 3781; x_wconf 80' lang='lat' dir='ltr'>Antonvillam,</span> <span class='ocrx_word' id='word_1_211' title='bbox 2092 3691 2373 3762; x_wconf 86' lang='lat' dir='ltr'>omnino</span> <span class='ocrx_word' id='word_1_212' title='bbox 2400 3692 2703 3786; x_wconf 83' lang='lat' dir='ltr'>quidem,</span> <span class='ocrx_word' id='word_1_213' title='bbox 2736 3694 2794 3766; x_wconf 89' lang='grc'>31</span> <span class='ocrx_word' id='word_1_214' title='bbox 2824 3695 3035 3767; x_wconf 88' lang='lat' dir='ltr'>Rezio</span> 
     </span>
     <span class='ocr_line' id='line_1_26' title="bbox 800 3813 3028 3911; baseline 0 -20"><span class='ocrx_word' id='word_1_215' title='bbox 800 3820 1176 3909; x_wconf 84' lang='lat' dir='ltr'>fidendum,</span> <span class='ocrx_word' id='word_1_216' title='bbox 1210 3819 1565 3891; x_wconf 89' lang='lat' dir='ltr'>Mazarino</span> <span class='ocrx_word' id='word_1_217' title='bbox 1597 3827 1665 3889; x_wconf 91' lang='lat' dir='ltr'>et</span> <span class='ocrx_word' id='word_1_218' title='bbox 1690 3818 1846 3911; x_wconf 84' lang='lat' dir='ltr'>regi</span> <span class='ocrx_word' id='word_1_219' title='bbox 1876 3816 2223 3888; x_wconf 86' lang='lat' dir='ltr'>addictum</span> <span class='ocrx_word' id='word_1_220' title='bbox 2243 3813 2269 3854; x_wconf 79' lang='lat'>³</span> <span class='ocrx_word' id='word_1_221' title='bbox 2297 3816 2649 3888; x_wconf 88' lang='lat' dir='ltr'>Ruellium</span> <span class='ocrx_word' id='word_1_222' title='bbox 2680 3820 2968 3892; x_wconf 77' lang='lat' dir='ltr'>miserat</span> <span class='ocrx_word' id='word_1_223' title='bbox 3013 3846 3028 3892; x_wconf 76' lang='grc' dir='ltr'><strong><em>ε</em></strong></span> 
     </span>
     <span class='ocr_line' id='line_1_27' title="bbox 802 3941 3037 4041; baseline 0 -25"><span class='ocrx_word' id='word_1_224' title='bbox 802 3941 1029 4041; x_wconf 86' lang='lat' dir='ltr'>neque</span> <span class='ocrx_word' id='word_1_225' title='bbox 1078 3954 1311 4017; x_wconf 89' lang='lat' dir='ltr'>tamen</span> <span class='ocrx_word' id='word_1_226' title='bbox 1377 3943 1479 4014; x_wconf 88' lang='lat' dir='ltr'>illi</span> <span class='ocrx_word' id='word_1_227' title='bbox 1541 3968 1651 4016; x_wconf 93' lang='lat' dir='ltr'>res</span> <span class='ocrx_word' id='word_1_228' title='bbox 1691 3942 1966 4014; x_wconf 88' lang='lat' dir='ltr'>videtur</span> <span class='ocrx_word' id='word_1_229' title='bbox 2005 3964 2343 4037; x_wconf 86' lang='lat' dir='ltr'>prospere</span> <span class='ocrx_word' id='word_1_230' title='bbox 2421 3945 2844 4016; x_wconf 83' lang='lat' dir='ltr'>successisse</span> <span class='ocrx_word' id='word_1_231' title='bbox 2890 3945 3037 4016; x_wconf 90' lang='lat' dir='ltr'>:nil</span> 
     </span>
    </p>
   </div>
   <div class='ocr_carea' id='block_1_3' title="bbox 801 4173 3039 4476">
    <p class='ocr_par' dir='ltr' id='par_1_3' title="bbox 801 4173 3039 4476">
     <span class='ocr_line' id='line_1_28' title="bbox 866 4173 3039 4239; baseline -0.001 -14"><span class='ocrx_word' id='word_1_232' title='bbox 866 4179 883 4212; x_wconf 82' lang='lat'>¹</span> <span class='ocrx_word' id='word_1_233' title='bbox 921 4174 998 4225; x_wconf 79' lang='lat' dir='ltr'>Cf.</span> <span class='ocrx_word' id='word_1_234' title='bbox 1024 4176 1210 4226; x_wconf 82' lang='lat' dir='ltr'>Gallia</span> <span class='ocrx_word' id='word_1_235' title='bbox 1236 4175 1582 4234; x_wconf 77' lang='lat' dir='ltr'>Christiana,</span> <span class='ocrx_word' id='word_1_236' title='bbox 1618 4178 1656 4223; x_wconf 91' lang='lat' dir='ltr'>t.</span> <span class='ocrx_word' id='word_1_237' title='bbox 1685 4175 1724 4231; x_wconf 86' lang='lat'>1,</span> <span class='ocrx_word' id='word_1_238' title='bbox 1744 4188 1798 4235; x_wconf 84' lang='lat' dir='ltr'>p.</span> <span class='ocrx_word' id='word_1_239' title='bbox 1828 4174 1938 4222; x_wconf 82' lang='grc'><strong>441.</strong></span> <span class='ocrx_word' id='word_1_240' title='bbox 1963 4173 2168 4223; x_wconf 89' lang='lat' dir='ltr'>Priolus</span> <span class='ocrx_word' id='word_1_241' title='bbox 2189 4191 2265 4235; x_wconf 79' lang='lat' dir='ltr'>vx,</span> <span class='ocrx_word' id='word_1_242' title='bbox 2290 4191 2340 4239; x_wconf 86' lang='lat' dir='ltr'>p.</span> <span class='ocrx_word' id='word_1_243' title='bbox 2370 4177 2463 4224; x_wconf 81' lang='lat'>44:</span> <span class='ocrx_word' id='word_1_244' title='bbox 2490 4192 2517 4220; x_wconf 94' lang='lat'>«</span> <span class='ocrx_word' id='word_1_245' title='bbox 2538 4174 2743 4238; x_wconf 82' lang='lat' dir='ltr'>Zongus</span> <span class='ocrx_word' id='word_1_246' title='bbox 2769 4175 3039 4225; x_wconf 86' lang='lat' dir='ltr'>Ondedeus</span> 
     </span>
     <span class='ocr_line' id='line_1_29' title="bbox 801 4252 3037 4319; baseline 0 -16"><span class='ocrx_word' id='word_1_247' title='bbox 801 4258 878 4305; x_wconf 91' lang='lat' dir='ltr'>vir</span> <span class='ocrx_word' id='word_1_248' title='bbox 911 4254 1253 4314; x_wconf 86' lang='lat' dir='ltr'>Pizaurensis‚</span> <span class='ocrx_word' id='word_1_249' title='bbox 1288 4254 1546 4302; x_wconf 87' lang='lat' dir='ltr'>Mazarino</span> <span class='ocrx_word' id='word_1_250' title='bbox 1596 4253 1645 4300; x_wconf 84' lang='lat' dir='ltr'>iu</span> <span class='ocrx_word' id='word_1_251' title='bbox 1681 4252 1861 4315; x_wconf 88' lang='lat' dir='ltr'>primis</span> <span class='ocrx_word' id='word_1_252' title='bbox 1900 4252 2150 4302; x_wconf 77' lang='lat' dir='ltr'>addictus.</span> <span class='ocrx_word' id='word_1_253' title='bbox 2180 4273 2204 4300; x_wconf 75' lang='grc' dir='ltr'>ιο</span> <span class='ocrx_word' id='word_1_254' title='bbox 2263 4256 2381 4304; x_wconf 87' lang='lat' dir='ltr'>Fuit</span> <span class='ocrx_word' id='word_1_255' title='bbox 2413 4255 2635 4319; x_wconf 87' lang='lat' dir='ltr'>primum</span> <span class='ocrx_word' id='word_1_256' title='bbox 2689 4254 2867 4315; x_wconf 78' lang='lat' dir='ltr'>abbaS‚</span> <span class='ocrx_word' id='word_1_257' title='bbox 2920 4254 3037 4304; x_wconf 87' lang='lat' dir='ltr'>dein</span> 
     </span>
     <span class='ocr_line' id='line_1_30' title="bbox 801 4331 3038 4399; baseline 0 -16"><span class='ocrx_word' id='word_1_258' title='bbox 801 4332 1166 4398; x_wconf 83' lang='lat' dir='ltr'>Forojuliensis</span> <span class='ocrx_word' id='word_1_259' title='bbox 1199 4334 1490 4397; x_wconf 86' lang='lat' dir='ltr'>episcopus:</span> <span class='ocrx_word' id='word_1_260' title='bbox 1523 4348 1584 4380; x_wconf 82' lang='lat' dir='ltr'>ex</span> <span class='ocrx_word' id='word_1_261' title='bbox 1626 4345 1728 4395; x_wconf 87' lang='lat' dir='ltr'>quo</span> <span class='ocrx_word' id='word_1_262' title='bbox 1760 4331 1888 4380; x_wconf 90' lang='lat' dir='ltr'>duos</span> <span class='ocrx_word' id='word_1_263' title='bbox 1933 4347 2115 4381; x_wconf 85' lang='lat' dir='ltr'>versus</span> <span class='ocrx_word' id='word_1_264' title='bbox 2147 4333 2305 4383; x_wconf 87' lang='lat' dir='ltr'>factos</span> <span class='ocrx_word' id='word_1_265' title='bbox 2334 4348 2444 4383; x_wconf 88' lang='lat' dir='ltr'>esse</span> <span class='ocrx_word' id='word_1_266' title='bbox 2472 4334 2760 4399; x_wconf 84' lang='lat' dir='ltr'>accepimus</span> <span class='ocrx_word' id='word_1_267' title='bbox 2793 4350 2823 4382; x_wconf 86' lang='lat' dir='ltr'>a</span> <span class='ocrx_word' id='word_1_268' title='bbox 2856 4335 3038 4384; x_wconf 71' lang='lat' dir='ltr'>litteris</span> 
     </span>
     <span class='ocr_line' id='line_1_31' title="bbox 804 4411 1640 4476; baseline -0.002 -13"><span class='ocrx_word' id='word_1_269' title='bbox 804 4414 967 4463; x_wconf 80' lang='lat' dir='ltr'>Patini</span> <span class='ocrx_word' id='word_1_270' title='bbox 1002 4413 1119 4471; x_wconf 80' lang='lat' dir='ltr'><strong>(Ed.</strong></span> <span class='ocrx_word' id='word_1_271' title='bbox 1158 4412 1297 4470; x_wconf 85' lang='lat'><strong>1691,</strong></span> <span class='ocrx_word' id='word_1_272' title='bbox 1326 4426 1392 4473; x_wconf 82' lang='lat'>11,</span> <span class='ocrx_word' id='word_1_273' title='bbox 1424 4428 1475 4476; x_wconf 89' lang='lat' dir='ltr'>p.</span> <span class='ocrx_word' id='word_1_274' title='bbox 1507 4411 1640 4474; x_wconf 83' lang='lat'><strong>376).</strong></span> 
     </span>
    </p>
   </div>
   <div class='ocr_carea' id='block_1_4' title="bbox 861 4502 2921 4705">
    <p class='ocr_par' dir='ltr' id='par_1_4' title="bbox 861 4502 2921 4705">
     <span class='ocr_line' id='line_1_32' title="bbox 1448 4502 2643 4559; baseline 0.003 -17"><span class='ocrx_word' id='word_1_275' title='bbox 1448 4515 1472 4542; x_wconf 71' lang='grc' dir='ltr'><strong>α</strong></span> <span class='ocrx_word' id='word_1_276' title='bbox 1503 4503 1636 4545; x_wconf 88' lang='lat' dir='ltr'>Nunc</span> <span class='ocrx_word' id='word_1_277' title='bbox 1657 4502 1908 4544; x_wconf 83' lang='lat' dir='ltr'>commissa</span> <span class='ocrx_word' id='word_1_278' title='bbox 1933 4502 2042 4559; x_wconf 85' lang='lat' dir='ltr'>lupo</span> <span class='ocrx_word' id='word_1_279' title='bbox 2072 4503 2275 4559; x_wconf 78' lang='lat' dir='ltr'>pastoris</span> <span class='ocrx_word' id='word_1_280' title='bbox 2299 4502 2439 4546; x_wconf 79' lang='lat' dir='ltr'>ovilia</span> <span class='ocrx_word' id='word_1_281' title='bbox 2469 4503 2643 4556; x_wconf 80' lang='lat' dir='ltr'>cernis,</span> 
     </span>
     <span class='ocr_line' id='line_1_33' title="bbox 1706 4573 2921 4625; baseline 0.002 -10"><span class='ocrx_word' id='word_1_282' title='bbox 1706 4573 1920 4616; x_wconf 74' lang='lat' dir='ltr'>Dedecus</span> <span class='ocrx_word' id='word_1_283' title='bbox 1945 4573 2070 4616; x_wconf 87' lang='lat' dir='ltr'>unde</span> <span class='ocrx_word' id='word_1_284' title='bbox 2099 4573 2359 4625; x_wconf 77' lang='lat' dir='ltr'>hominum.</span> <span class='ocrx_word' id='word_1_285' title='bbox 2391 4575 2595 4619; x_wconf 79' lang='lat' dir='ltr'>dedecus</span> <span class='ocrx_word' id='word_1_286' title='bbox 2622 4575 2748 4617; x_wconf 85' lang='lat' dir='ltr'>unde</span> <span class='ocrx_word' id='word_1_287' title='bbox 2776 4575 2864 4619; x_wconf 84' lang='lat' dir='ltr'>dei.</span> <span class='ocrx_word' id='word_1_288' title='bbox 2898 4590 2921 4616; x_wconf 74' lang='grc' dir='ltr'>ι</span> 
     </span>
     <span class='ocr_line' id='line_1_34' title="bbox 861 4644 1477 4705; baseline -0.002 -10"><span class='ocrx_word' id='word_1_289' title='bbox 861 4647 886 4682; x_wconf 82' lang='lat'>²</span> <span class='ocrx_word' id='word_1_290' title='bbox 922 4645 987 4696; x_wconf 88' lang='lat' dir='ltr'>G.</span> <span class='ocrx_word' id='word_1_291' title='bbox 1015 4645 1276 4704; x_wconf 88' lang='lat' dir='ltr'>Priorat0‚</span> <span class='ocrx_word' id='word_1_292' title='bbox 1306 4659 1368 4705; x_wconf 84' lang='lat' dir='ltr'>u,</span> <span class='ocrx_word' id='word_1_293' title='bbox 1396 4644 1477 4694; x_wconf 87' lang='lat'>85.</span> 
     </span>
    </p>
   </div>
   <div class='ocr_carea' id='block_1_5' title="bbox 867 4723 2168 4788">
    <p class='ocr_par' dir='ltr' id='par_1_5' title="bbox 867 4723 2168 4788">
     <span class='ocr_line' id='line_1_35' title="bbox 867 4723 2168 4788; baseline 0 -13"><span class='ocrx_word' id='word_1_294' title='bbox 867 4727 891 4762; x_wconf 79' lang='grc'><strong>3</strong></span> <span class='ocrx_word' id='word_1_295' title='bbox 924 4727 1072 4776; x_wconf 79' lang='lat' dir='ltr'>Retz.</span> <span class='ocrx_word' id='word_1_296' title='bbox 1098 4725 1263 4775; x_wconf 78' lang='lat' dir='ltr'>Me&#39;m.</span> <span class='ocrx_word' id='word_1_297' title='bbox 1295 4723 1420 4774; x_wconf 77' lang='lat' dir='ltr'>coll.</span> <span class='ocrx_word' id='word_1_298' title='bbox 1457 4724 1654 4773; x_wconf 87' lang='lat' dir='ltr'>Petitot</span> <span class='ocrx_word' id='word_1_299' title='bbox 1686 4739 1815 4783; x_wconf 71' lang='grc' dir='ltr'>κων,</span> <span class='ocrx_word' id='word_1_300' title='bbox 1837 4739 1888 4788; x_wconf 87' lang='lat' dir='ltr'>p.</span> <span class='ocrx_word' id='word_1_301' title='bbox 1916 4724 1976 4774; x_wconf 87' lang='lat'>19</span> <span class='ocrx_word' id='word_1_302' title='bbox 2012 4730 2062 4774; x_wconf 86' lang='lat' dir='ltr'>et</span> <span class='ocrx_word' id='word_1_303' title='bbox 2089 4724 2168 4775; x_wconf 77' lang='lat'>20.</span> 
     </span>
    </p>
   </div>
  </div>
 </body>
</html>
